.
%AA
@InCollection{abbott-kedlaya-roe-10,
  Title                    = {Bounding {P}icard numbers of surfaces using {$p$}-adic
                              cohomology},
  Author                   = {Abbott, Timothy G. and Kedlaya, Kiran S. and Roe, David},
  Booktitle                = {Arithmetics, geometry, and coding theory ({AGCT} 2005)},
  Publisher                = {Soc. Math. France},
  Year                     = {2010},
  Address                  = {Paris},
  Pages                    = {125--159},
  Series                   = {S\'emin. Congr.},
  Volume                   = {21},
  Mrclass                  = {14F30 (14C22 14F40)},
  Mrnumber                 = {2856564},
  Mrreviewer               = {Michel Gros}
}

@article{achter-williams-14,
  AUTHOR = {Achter, Jeffrey and Williams, Cassandra},
  TITLE = {Local heuristics and an exact formula for abelian surfaces
           over finite fields},
  JOURNAL = {Canad. Math. Bull.},
  FJOURNAL = {Canadian Mathematical Bulletin. Bulletin Canadien de
              Math\'ematiques},
  VOLUME = {58},
  YEAR = {2015},
  NUMBER = {4},
  PAGES = {673--691},
  ISSN = {0008-4395},
  MRCLASS = {14K10 (14G15 14K15)},
  MRNUMBER = {3415659},
  MRREVIEWER = {John T. Cullinan},
  DOI = {10.4153/CMB-2015-050-8},
  URL = {http://dx.doi.org/10.4153/CMB-2015-050-8},
}

@article{addington-auel,
  AUTHOR = {Addington, Nicolas and Auel, Asher},
  TITLE = {Some non-special cubic fourfolds},
  JOURNAL = "preprint",
  YEAR = {2018},
  note = {{\tt arXiv:1703.05923}}
}

@incollection {adleman-huang-96,
  AUTHOR = {Adleman, Leonard M. and Huang, Ming-Deh A.},
  TITLE = {Counting rational points on curves and abelian varieties over
           finite fields},
  BOOKTITLE = {Algorithmic number theory ({T}alence, 1996)},
  SERIES = {Lecture Notes in Comput. Sci.},
  VOLUME = {1122},
  PAGES = {1--16},
  PUBLISHER = {Springer, Berlin},
  YEAR = {1996},
  MRCLASS = {11G25 (11Y16 14G05)},
  MRNUMBER = {1446493 (98d:11070)},
  MRREVIEWER = {Jonathan Pila},
  DOI = {10.1007/3-540-61581-4_36},
  URL = {http://dx.doi.org/10.1007/3-540-61581-4_36},
}

@article{andrejic-tatarevic-14,
  author    = {Andrejić, Vladica and Tatarevic, Milos },
  title     = {Searching for a counterexample of {K}urepa's Conjecture},
  journal   = "preprint",
  year      = "2014",
  note = {{\tt arXiv:1409.0800}}
}
@article{arul-best-costa-magner-triantafillou-18,
  author    = {Arul, Vishal and Best, Alex J. and Costa, Edgar and Magner, Richard and Triantafillou, Nicholas},
  title     = {Computing Zeta Functions of Cyclic Covers in Large Characteristic},
  journal   = "preprint",
  year      = "2018",
  note = {{\tt arXiv:1806.02262}}
}


  %BB

@article {babagranath-granath-08,
  AUTHOR = {Baba, Srinath and Granath, H{\aa}kan},
  TITLE = {Primes of superspecial reduction for {QM} abelian surfaces},
  JOURNAL = {Bull. Lond. Math. Soc.},
  FJOURNAL = {Bulletin of the London Mathematical Society},
  VOLUME = {40},
  YEAR = {2008},
  NUMBER = {2},
  PAGES = {311--318},
  ISSN = {0024-6093},
  MRCLASS = {11G18 (11G15 11G25 14G35)},
  MRNUMBER = {2414789 (2009i:11074)},
  MRREVIEWER = {Adrian Vasiu},
  DOI = {10.1112/blms/bdn008},
  URL = {http://dx.doi.org/10.1112/blms/bdn008},
}

@article {baier-07,
  AUTHOR = {Baier, Stephan},
  TITLE = {The {L}ang-{T}rotter conjecture on average},
  JOURNAL = {J. Ramanujan Math. Soc.},
  FJOURNAL = {Journal of the Ramanujan Mathematical Society},
  VOLUME = {22},
  YEAR = {2007},
  NUMBER = {4},
  PAGES = {299--314},
  ISSN = {0970-1249},
  MRCLASS = {11G05 (11L40)},
  MRNUMBER = {2376806 (2008j:11065)},
  MRREVIEWER = {Andrew Bremner},
}

@article {batyrev-93,
  AUTHOR = {Batyrev, Victor V.},
  TITLE = {Variations of the mixed {H}odge structure of affine
           hypersurfaces in algebraic tori},
  JOURNAL = {Duke Math. J.},
  FJOURNAL = {Duke Mathematical Journal},
  VOLUME = {69},
  YEAR = {1993},
  NUMBER = {2},
  PAGES = {349--409},
  ISSN = {0012-7094},
  MRCLASS = {14M25 (14D07 14F40 14J45 32J25)},
  MRNUMBER = {1203231},
  MRREVIEWER = {Richard M. Hain},
  DOI = {10.1215/S0012-7094-93-06917-7},
  URL = {http://dx.doi.org/10.1215/S0012-7094-93-06917-7},
}

@article {batyrev-cox-94,
  AUTHOR = {Batyrev, Victor V. and Cox, David A.},
  TITLE = {On the {H}odge structure of projective hypersurfaces in toric
           varieties},
  JOURNAL = {Duke Math. J.},
  FJOURNAL = {Duke Mathematical Journal},
  VOLUME = {75},
  YEAR = {1994},
  NUMBER = {2},
  PAGES = {293--338},
  ISSN = {0012-7094},
  MRCLASS = {14M25 (14C30 14D07 14F10)},
  MRNUMBER = {1290195},
  MRREVIEWER = {I. Dolgachev},
  DOI = {10.1215/S0012-7094-94-07509-1},
  URL = {http://dx.doi.org/10.1215/S0012-7094-94-07509-1},
}


@book {belcastro-thesis,
  AUTHOR = {belcastro, sarah-marie},
  TITLE = {Picard lattices of families of {K}3 surfaces},
  NOTE = {Thesis (Ph.D.)--University of Michigan},
  PUBLISHER = {ProQuest LLC, Ann Arbor, MI},
  YEAR = {1997},
  PAGES = {172},
  ISBN = {978-0591-30924-9},
  MRCLASS = {Thesis},
  MRNUMBER = {2695492},
  URL =
  {http://gateway.proquest.com/openurl?url_ver=Z39.88-2004&rft_val_fmt=info:ofi/fmt:kev:mtx:dissertation&res_dat=xri:pqdiss&rft_dat=xri:pqdiss:9722131},
}

@article {berthelot-97,
  AUTHOR = {Berthelot, Pierre},
  TITLE = {Finitude et puret\'e cohomologique en cohomologie rigide},
  NOTE = {With an appendix in English by Aise Johan de Jong},
  JOURNAL = {Invent. Math.},
  FJOURNAL = {Inventiones Mathematicae},
  VOLUME = {128},
  YEAR = {1997},
  NUMBER = {2},
  PAGES = {329--377},
  ISSN = {0020-9910},
  MRCLASS = {14F30 (11G25 14G15 14G20)},
  MRNUMBER = {1440308},
  MRREVIEWER = {Adolfo Quir\'os},
  URL = {https://doi.org/10.1007/s002220050143},
}

@article {bertolini-darmon-prasanna-13,
    AUTHOR = {Bertolini, Massimo and Darmon, Henri and Prasanna, Kartik},
     TITLE = {Generalized {H}eegner cycles and {$p$}-adic {R}ankin
              {$L$}-series},
      NOTE = {With an appendix by Brian Conrad},
   JOURNAL = {Duke Math. J.},
  FJOURNAL = {Duke Mathematical Journal},
    VOLUME = {162},
      YEAR = {2013},
    NUMBER = {6},
     PAGES = {1033--1148},
      ISSN = {0012-7094},
   MRCLASS = {11G40 (11G05 11G15 11G35)},
  MRNUMBER = {3053566},
MRREVIEWER = {Jan Nekov\'a\v r},
       URL = {https://doi.org/10.1215/00127094-2142056},
}


@article {bloch-kato-86,
  AUTHOR = {Bloch, Spencer and Kato, Kazuya},
  TITLE = {{$p$}-adic \'etale cohomology},
  JOURNAL = {Inst. Hautes \'Etudes Sci. Publ. Math.},
  FJOURNAL = {Institut des Hautes \'Etudes Scientifiques. Publications
              Math\'ematiques},
  NUMBER = {63},
  YEAR = {1986},
  PAGES = {107--152},
  ISSN = {0073-8301},
  CODEN = {PMIHA6},
  MRCLASS = {14F30 (11S25 11S31 18F25 19F27)},
  MRNUMBER = {849653 (87k:14018)},
  MRREVIEWER = {Gerd Faltings},
  URL = {http://www.numdam.org/item?id=PMIHES_1986__63__107_0},
}

@article {bostan-gaudry-schost-07,
  AUTHOR = {Bostan, Alin and Gaudry, Pierrick and Schost, {\'E}ric},
  TITLE = {Linear recurrences with polynomial coefficients and
           application to integer factorization and {C}artier-{M}anin
           operator},
  JOURNAL = {SIAM J. Comput.},
  FJOURNAL = {SIAM Journal on Computing},
  VOLUME = {36},
  YEAR = {2007},
  NUMBER = {6},
  PAGES = {1777--1806},
  ISSN = {0097-5397},
  MRCLASS = {11Y16 (11Y05 68Q25)},
  MRNUMBER = {2299425 (2008a:11156)},
  MRREVIEWER = {Robert Juricevic},
  DOI = {10.1137/S0097539704443793},
  URL = {http://dx.doi.org/10.1137/S0097539704443793},
}

@article {booker-sijsling-sutherland-voight-yasaki-16,
  AUTHOR = {Booker, Andrew R. and Sijsling, Jeroen and Sutherland, Andrew
            V. and Voight, John and Yasaki, Dan},
  TITLE = {A database of genus-2 curves over the rational numbers},
  JOURNAL = {LMS J. Comput. Math.},
  FJOURNAL = {LMS Journal of Computation and Mathematics},
  VOLUME = {19},
  YEAR = {2016},
  NUMBER = {suppl. A},
  PAGES = {235--254},
  ISSN = {1461-1570},
  MRCLASS = {11G30 (14H45 14Q05)},
  MRNUMBER = {3540958},
  DOI = {10.1112/S146115701600019X},
  URL = {http://dx.doi.org/10.1112/S146115701600019X},
}



@Article{bright-06,
  Title                    = {Brauer groups of diagonal quartic surfaces},
  Author                   = {Bright, Martin},
  Journal                  = {J. Sympolic Comput.},
  Year                     = {2006},
  Number                   = {5},
  Pages                    = {544--558},
  Volume                   = {41}
}

@article{bouyer-costa-festi-nicholls-west-18,
  title={On the arithmetic of a family of degree two {K3} surfaces},
  DOI={10.1017/S0305004118000087},
JOURNAL = {Math. Proc. Cambridge Philos. Soc.},
  FJOURNAL = {Mathematical Proceedings of the Cambridge Philosophical
              Society},
  publisher={Cambridge University Press},
  author={Bouyer, Florian and Costa, Edgar and Festi, Dino and Nicholls, Christopher and West, Mckenzie},
  year={2018},
  pages={1–20},
  URL = {https://doi.org/10.1017/S0305004118000087},
}

@article{bucur-costa-david-guerreiro-lowry-duda-16,
  AUTHOR = {Bucur, Alina and Costa, Edgar and David, Chantal and
            Guerreiro, Jo\~{a}o and Lowry-Duda, David},
  TITLE = {Traces, high powers and one level density for families of
           curves over finite fields},
  JOURNAL = {Math. Proc. Cambridge Philos. Soc.},
  FJOURNAL = {Mathematical Proceedings of the Cambridge Philosophical
              Society},
  VOLUME = {165},
  YEAR = {2018},
  NUMBER = {2},
  PAGES = {225--248},
  ISSN = {0305-0041},
  MRCLASS = {11G20},
  MRNUMBER = {3833999},
  DOI = {10.1017/S030500411700041X},
  URL = {https://doi.org/10.1017/S030500411700041X},
}

@article{BDFKLOW,
  author = {Bucur, Alina and David, Chantal and Feigon, Brooke and Kaplan, Nathan and Lalin, Matilde and Ozman, Ekin and  Wood, Melanie},
  title = {The distribution of points on cyclic covers of genus g},
  journal = {International Mathematics Research Notices},
  VOLUME={No. 14},
  PAGES={4297-4340},
  YEAR = {2016},
}


  %CC
@incollection {candelas-ossa-villegas-01,
    AUTHOR = {Candelas, Philip and de la Ossa, Xenia and Rodriguez-Villegas,
              Fernando},
     TITLE = {Calabi-{Y}au manifolds over finite fields. {II}},
 BOOKTITLE = {Calabi-{Y}au varieties and mirror symmetry ({T}oronto, {ON},
              2001)},
    SERIES = {Fields Inst. Commun.},
    VOLUME = {38},
     PAGES = {121--157},
 PUBLISHER = {Amer. Math. Soc., Providence, RI},
      YEAR = {2003},
   MRCLASS = {11G25 (11G40 14G10 14G15 14J32)},
  MRNUMBER = {2019149},
MRREVIEWER = {Noriko Yui},
}

@article {castryck-denef-vercauteren-06,
  AUTHOR = {Castryck, W. and Denef, J. and Vercauteren, F.},
  TITLE = {Computing zeta functions of nondegenerate curves},
  JOURNAL = {IMRP Int. Math. Res. Pap.},
  FJOURNAL = {IMRP. International Mathematics Research Papers},
  YEAR = {2006},
  PAGES = {Art. ID 72017, 57},
  ISSN = {1687-3017},
  MRCLASS = {14G10 (11G20 11M41 11Y16 14G15)},
  MRNUMBER = {2268492},
  MRREVIEWER = {Antonio Rojas Le{\'o}n},
}

@article {chantal-francesco-99,
  AUTHOR = {David, Chantal and Pappalardi, Francesco},
  TITLE = {Average {F}robenius distributions of elliptic curves},
  JOURNAL = {Internat. Math. Res. Notices},
  FJOURNAL = {International Mathematics Research Notices},
  YEAR = {1999},
  NUMBER = {4},
  PAGES = {165--183},
  ISSN = {1073-7928},
  MRCLASS = {11G05 (11F30 11N36)},
  MRNUMBER = {1677267 (2000g:11045)},
  MRREVIEWER = {M. Ram Murty},
  DOI = {10.1155/S1073792899000082},
  URL = {http://dx.doi.org/10.1155/S1073792899000082},
}

@Article{charles-13,
  Title                    = {The {T}ate conjecture for {$K3$} surfaces over finite fields},
  Author                   = {Charles, Fran{\c{c}}ois},
  Journal                  = {Invent. Math.},
  Year                     = {2013},
  Number                   = {1},
  Pages                    = {119--145},
  Volume                   = {194},
  Doi                      = {10.1007/s00222-012-0443-y},
  Fjournal                 = {Inventiones Mathematicae},
  ISSN                     = {0020-9910},
  Mrclass                  = {14G15 (14C22 14J28)},
  Mrnumber                 = {3103257},
  Url                      = {http://dx.doi.org/10.1007/s00222-012-0443-y}
}

@article {charles-14a,
  AUTHOR = {Charles, Fran{\c{c}}ois},
  TITLE = {On the {P}icard number of {K}3 surfaces over number fields},
  JOURNAL = {Algebra Number Theory},
  FJOURNAL = {Algebra \& Number Theory},
  VOLUME = {8},
  YEAR = {2014},
  NUMBER = {1},
  PAGES = {1--17},
  ISSN = {1937-0652},
  MRCLASS = {14J28 (11G35 14G25)},
  MRNUMBER = {3207577},
  MRREVIEWER = {Cecilia Salgado},
  DOI = {10.2140/ant.2014.8.1},
  URL = {http://dx.doi.org/10.2140/ant.2014.8.1},
}

@article{charles-14b,
  author    = {Fran{\c{c}}ois Charles},
  title     = {Frobenius distribution for pairs of elliptic curves and exceptional isogenies},
  journal   = "preprint",
  year      = "2014",
  note = {{\tt arXiv:1411.2914}}
}

@article{clozel-harris-taylor-08,
  AUTHOR = {Clozel, Laurent and Harris, Michael and Taylor, Richard},
  TITLE = {Automorphy for some {$l$}-adic lifts of automorphic mod {$l$}
           {G}alois representations},
  NOTE = {With Appendix A, summarizing unpublished work of Russ Mann,
          and Appendix B by Marie-France Vign{\'e}ras},
  JOURNAL = {Publ. Math. Inst. Hautes \'Etudes Sci.},
  FJOURNAL = {Publications Math\'ematiques. Institut de Hautes \'Etudes
              Scientifiques},
  NUMBER = {108},
  YEAR = {2008},
  PAGES = {1--181},
  ISSN = {0073-8301},
  MRCLASS = {11F80 (11G18 11R34)},
  MRNUMBER = {2470687 (2010j:11082)},
  MRREVIEWER = {Mark Kisin},
  DOI = {10.1007/s10240-008-0016-1},
  URL = {http://dx.doi.org/10.1007/s10240-008-0016-1},
}

@PHDTHESIS {costa-thesis,
  AUTHOR = {Costa, Edgar},
  TITLE = {Effective computations of {H}asse--{W}eil zeta functions},
  JOURNAL = {Ph.D. Thesis (Advisor: Y. Tschinkel), New York University},
  SCHOOL = {New York University},
  YEAR = {2015},
}
@article{costa-debaene-guerreiro-14,
  year={2014},
  issn={1382-4090},
  journal={The Ramanujan Journal},
  volume={35},
  number={1},
  doi={10.1007/s11139-013-9508-9},
  title={Asymptotic expansions, L-values and a new quantum modular form},
  url={http://dx.doi.org/10.1007/s11139-013-9508-9},
  publisher={Springer US},
  keywords={Mock theta function; Quantum modular form; 11F37; 11F67},
  author={Costa, Edgar and Debaene, Korneel and Guerreiro, Jo\~ao},
  pages={141-148},
  language={English}
}

@article{costa-elsenhans-jahnel-16,
  author    = {Costa, Edgar and Elsenhans, Andreas-Stephan and Jahnel, Jörg},
  title     = {On the distribution of the {P}icard ranks of the reductions of a {K3} surface},
  journal   = "preprint",
  year      = "2016",
  note = {{\tt arXiv:1610.07823}}
}


@article {costa-gerbicz-harvey-14,
  AUTHOR = {Costa, Edgar and Gerbicz, Robert and Harvey, David},
  TITLE = {A search for {W}ilson primes},
  JOURNAL = {Math. Comp.},
  FJOURNAL = {Mathematics of Computation},
  VOLUME = {83},
  YEAR = {2014},
  NUMBER = {290},
  PAGES = {3071--3091},
  ISSN = {0025-5718},
  MRCLASS = {11A07 (11Y16)},
  MRNUMBER = {3246824},
  MRREVIEWER = {Samuel S. Wagstaff, Jr.},
  DOI = {10.1090/S0025-5718-2014-02800-7},
  URL = {http://dx.doi.org/10.1090/S0025-5718-2014-02800-7},
}
@article {costa-harvey-14,
  AUTHOR = {Costa, Edgar and Harvey, David},
  TITLE = {Faster deterministic integer factorization},
  JOURNAL = {Math. Comp.},
  FJOURNAL = {Mathematics of Computation},
  VOLUME = {83},
  YEAR = {2014},
  NUMBER = {285},
  PAGES = {339--345},
  ISSN = {0025-5718},
  MRCLASS = {11Y05},
  MRNUMBER = {3120593},
  MRREVIEWER = {Qi Cheng},
  DOI = {10.1090/S0025-5718-2013-02707-X},
  URL = {http://dx.doi.org/10.1090/S0025-5718-2013-02707-X},
}

@article{costa-harvey-kedlaya-18,
  AUTHOR = {Costa, Edgar and Harvey, David and Kedlaya, Kiran},
  TITLE = {Zeta functions of nondegenerate hypersurfaces in toric varieties via controlled reduction in $p$-adic cohomology},
  JOURNAL = "preprint",
  YEAR = {2018},
  note = {{\tt arXiv:1806.00368}}
}

@article{costa-mascot-sijsling-voight-18,
	Author = {Costa, Edgar and Mascot, Nicolas and Sijsling, Jeroen and Voight, John},
  TITLE =	 {Rigorous computation of the endomorphism ring of a {J}acobian},
	Journal = {Math. Comp.},
	Year = {2018}
}

@Article{costa-tschinkel-14,
  Title                    = {Variation of {N}\'eron-{S}everi ranks of reductions of {K}3
                              surfaces},
  Author                   = {Costa, Edgar and Tschinkel, Yuri},
  Journal                  = {Exp. Math.},
  Year                     = {2014},
  Number                   = {4},
  Pages                    = {475--481},
  Volume                   = {23},
  Doi                      = {10.1080/10586458.2014.947054},
  Fjournal                 = {Experimental Mathematics},
  ISSN                     = {1058-6458},
  Mrclass                  = {14J28 (14C22 14G25)},
  Mrnumber                 = {3277943},
  Mrreviewer               = {Ursula Anne Whitcher},
  Url                      = {http://dx.doi.org/10.1080/10586458.2014.947054}
}

@book {cox-little-schenck-11,
    AUTHOR = {Cox, David A. and Little, John B. and Schenck, Henry K.},
     TITLE = {Toric varieties},
    SERIES = {Graduate Studies in Mathematics},
    VOLUME = {124},
 PUBLISHER = {American Mathematical Society, Providence, RI},
      YEAR = {2011},
     PAGES = {xxiv+841},
      ISBN = {978-0-8218-4819-7},
   MRCLASS = {14M25 (05A15 05E45 52B12)},
  MRNUMBER = {2810322},
MRREVIEWER = {Ivan Arzhantsev},
       URL = {https://doi.org/10.1090/gsm/124},
}
		
@article {crandall-dilcher-pomerance-97,
  AUTHOR = {Crandall, Richard and Dilcher, Karl and Pomerance, Carl},
  TITLE = {A search for {W}ieferich and {W}ilson primes},
  JOURNAL = {Math. Comp.},
  FJOURNAL = {Mathematics of Computation},
  VOLUME = {66},
  YEAR = {1997},
  NUMBER = {217},
  PAGES = {433--449},
  ISSN = {0025-5718},
  CODEN = {MCMPAF},
  MRCLASS = {11A07 (11Y35)},
  MRNUMBER = {1372002 (97c:11004)},
  MRREVIEWER = {Fran{\c{c}}ois Morain},
  DOI = {10.1090/S0025-5718-97-00791-6},
  URL = {http://dx.doi.org/10.1090/S0025-5718-97-00791-6},
}

@book {crandall-pomerance-05,
  AUTHOR = {Crandall, Richard and Pomerance, Carl},
  TITLE = {Prime numbers},
  EDITION = {Second},
  NOTE = {A computational perspective},
  PUBLISHER = {Springer, New York},
  YEAR = {2005},
  PAGES = {xvi+597},
  ISBN = {978-0-387-25282-7; 0-387-25282-7},
  MRCLASS = {11A41 (11A51 11Y05 11Y11 11Y35)},
  MRNUMBER = {2156291 (2006a:11005)},
  MRREVIEWER = {Robert Juricevic},
}


@article {cremona-16,
    AUTHOR = {Cremona, John},
     TITLE = {The {L}-functions and modular forms database project},
   JOURNAL = {Found. Comput. Math.},
  FJOURNAL = {Foundations of Computational Mathematics. The Journal of the
              Society for the Foundations of Computational Mathematics},
    VOLUME = {16},
      YEAR = {2016},
    NUMBER = {6},
     PAGES = {1541--1553},
      ISSN = {1615-3375},
   MRCLASS = {11M06 (01A60 11-04)},
  MRNUMBER = {3579716},
MRREVIEWER = {Steven Joel Miller},
       DOI = {10.1007/s10208-016-9306-z},
       URL = {https://doi.org/10.1007/s10208-016-9306-z},
}
  %%DD
@article{deligne-72,
  AUTHOR = {Deligne, Pierre},
  TITLE = {La conjecture de {W}eil pour les surfaces {$K3$}},
  JOURNAL = {Invent. Math.},
  FJOURNAL = {Inventiones Mathematicae},
  VOLUME = {15},
  YEAR = {1972},
  PAGES = {206--226},
  ISSN = {0020-9910},
  MRCLASS = {14G13},
  MRNUMBER = {0296076 (45 \#5137)},
  MRREVIEWER = {M. Fried},
}
@article {denef-vercauteren-06,
    AUTHOR = {Denef, Jan and Vercauteren, Frederik},
     TITLE = {Counting points on {$C_{ab}$} curves using
              {M}onsky-{W}ashnitzer cohomology},
   JOURNAL = {Finite Fields Appl.},
  FJOURNAL = {Finite Fields and their Applications},
    VOLUME = {12},
      YEAR = {2006},
    NUMBER = {1},
     PAGES = {78--102},
      ISSN = {1071-5797},
   MRCLASS = {11G20 (14F43 14Q05)},
  MRNUMBER = {2190188},
MRREVIEWER = {Da Qing Wan},
       URL = {https://doi.org/10.1016/j.ffa.2005.01.003},
}

@article{denef-vercauteren-06b,
  AUTHOR = {Denef, Jan and Vercauteren, Frederik},
  TITLE = {An extension of {K}edlaya's algorithm to hyperelliptic curves in characteristic 2},
  JOURNAL = {J. Cryptology},
  FJOURNAL = {Journal of Cryptology},
  VOLUME = {19},
  YEAR = {2006},
  NUMBER = {1},
  PAGES = {1--25},
  DOI = {10.1007/s00145-004-0231-y},
}

@article{deuring-41,
  AUTHOR = {Deuring, Max},
  TITLE = {Die {T}ypen der {M}ultiplikatorenringe elliptischer
           {F}unktionenk\"orper},
  JOURNAL = {Abh. Math. Sem. Hansischen Univ.},
  VOLUME = {14},
  YEAR = {1941},
  PAGES = {197--272},
  MRCLASS = {09.1X},
  MRNUMBER = {0005125 (3,104f)},
  MRREVIEWER = {S. Mac Lane},
}
@incollection {dolgachev-82,
  AUTHOR = {Dolgachev, Igor},
  TITLE = {Weighted projective varieties},
  BOOKTITLE = {Group actions and vector fields ({V}ancouver, {B}.{C}., 1981)},
  SERIES = {Lecture Notes in Math.},
  VOLUME = {956},
  PAGES = {34--71},
  PUBLISHER = {Springer, Berlin},
  YEAR = {1982},
  MRCLASS = {14L32 (14A05 14B05)},
  MRNUMBER = {704986},
  URL = {https://doi.org/10.1007/BFb0101508},
}

@Article{dolgachev-96,
  Title                    = {Mirror symmetry for lattice polarized {$K3$} surfaces},
  Author                   = {Dolgachev, I. V.},
  Journal                  = {J. Math. Sci.},
  Year                     = {1996},
  Note                     = {Algebraic geometry, 4},
  Number                   = {3},
  Pages                    = {2599--2630},
  Volume                   = {81},
  Coden                    = {JMTSEW},
  Doi                      = {10.1007/BF02362332},
  Fjournal                 = {Journal of Mathematical Sciences},
  ISSN                     = {1072-3374},
  Mrclass                  = {14J28 (14F25 14J32 32G20)},
  Mrnumber                 = {1420220 (97i:14024)},
  Mrreviewer               = {Claire Voisin},
  Url                      = {http://dx.doi.org/10.1007/BF02362332}
}


@article{doran-kelly-salerno-sperber-voight-whitcher-16,
  author    = {Doran, Charles F. and Kelly, Tyler L. and Salerno,  Adriana and Sperber, Steven and Voight, John and Whitcher, Ursula },
  title     = {Zeta functions of alternate mirror {C}alabi-{Y}au families},
  journal   = "preprint",
  year      = "2016",
  note = {{\tt arXiv:1612.09249}}
}


  %EE
@article {elkies-87,
  AUTHOR = {Elkies, Noam D.},
  TITLE = {The existence of infinitely many supersingular primes for
           every elliptic curve over {${\bf Q}$}},
  JOURNAL = {Invent. Math.},
  FJOURNAL = {Inventiones Mathematicae},
  VOLUME = {89},
  YEAR = {1987},
  NUMBER = {3},
  PAGES = {561--567},
  ISSN = {0020-9910},
  CODEN = {INVMBH},
  MRCLASS = {11G05 (14G25)},
  MRNUMBER = {903384 (88i:11034)},
  MRREVIEWER = {David Grant},
  DOI = {10.1007/BF01388985},
  URL = {http://dx.doi.org/10.1007/BF01388985},
}

@article {elkies-91,
  AUTHOR = {Elkies, Noam D.},
  TITLE = {Distribution of supersingular primes},
  NOTE = {Journ{\'e}es Arithm{\'e}tiques, 1989 (Luminy, 1989)},
  JOURNAL = {Ast\'erisque},
  FJOURNAL = {Ast\'erisque},
  NUMBER = {198-200},
  YEAR = {1991},
  PAGES = {127--132 (1992)},
  ISSN = {0303-1179},
  MRCLASS = {11G05},
  MRNUMBER = {1144318 (93b:11070)},
  MRREVIEWER = {Joseph H. Silverman},
}

@incollection {elkies-08,
    AUTHOR = {Elkies, Noam D.},
     TITLE = {Shimura curve computations via {$K3$} surfaces of
              {N}\'eron-{S}everi rank at least 19},
 BOOKTITLE = {Algorithmic number theory},
    SERIES = {Lecture Notes in Comput. Sci.},
    VOLUME = {5011},
     PAGES = {196--211},
 PUBLISHER = {Springer, Berlin},
      YEAR = {2008},
   MRCLASS = {11G18 (14G35 14J28)},
  MRNUMBER = {2467847},
MRREVIEWER = {A. Peth\H o},
       URL = {https://doi.org/10.1007/978-3-540-79456-1_13},
}

@article {elkies-schuett-13,
  AUTHOR = {Elkies, Noam D. and Sch\"utt, Matthias},
  TITLE = {Modular forms and {K}3 surfaces},
  JOURNAL = {Adv. Math.},
  FJOURNAL = {Advances in Mathematics},
  VOLUME = {240},
  YEAR = {2013},
  PAGES = {106--131},
  ISSN = {0001-8708},
  MRCLASS = {14J28 (11F11 11G40 14G10 14J20)},
  MRNUMBER = {3046305},
  MRREVIEWER = {Lei Yang},
  URL = {https://doi.org/10.1016/j.aim.2013.03.008},
}


@InCollection{elsenhans-jahnel-08a,
  Title                    = {{$K3$} surfaces of {P}icard rank one and degree two},
  Author                   = {Elsenhans, Andreas-Stephan and Jahnel, J{\"o}rg},
  Booktitle                = {Algorithmic number theory},
  Publisher                = {Springer},
  Year                     = {2008},
  Address                  = {Berlin},
  Pages                    = {212--225},
  Series                   = {Lecture Notes in Comput. Sci.},
  Volume                   = {5011},
  Doi                      = {10.1007/978-3-540-79456-1_14},
  Mrclass                  = {11G25 (14J20 14J28)},
  Mrnumber                 = {2467848 (2010h:11102)},
  Mrreviewer               = {Jordi Gu{\`a}rdia},
  Url                      = {http://dx.doi.org/10.1007/978-3-540-79456-1_14}
}

@InCollection{elsenhans-jahnel-08b,
  Title                    = {{$K3$} surfaces of {P}icard rank one which are double covers
                              of the projective plane},
  Author                   = {Elsenhans, Andreas-Stephan and Jahnel, J{\"o}rg},
  Booktitle                = {Higher-dimensional geometry over finite fields},
  Publisher                = {IOS},
  Year                     = {2008},
  Address                  = {Amsterdam},
  Pages                    = {63--77},
  Series                   = {NATO Sci. Peace Secur. Ser. D Inf. Commun. Secur.},
  Volume                   = {16},
  Mrclass                  = {14J28 (11G25)},
  Mrnumber                 = {2484076 (2009j:14047)},
  Mrreviewer               = {Matthias Sch{\"u}tt}
}


@Article{elsenhans-jahnel-11a,
  Title                    = {On the computation of the {P}icard group for {$K3$} surfaces},
  Author                   = {Elsenhans, Andreas-Stephan and Jahnel, J{\"o}rg},
  Journal                  = {Math. Proc. Cambridge Philos. Soc.},
  Year                     = {2011},
  Number                   = {2},
  Pages                    = {263--270},
  Volume                   = {151},
  Coden                    = {MPCPCO},
  Doi                      = {10.1017/S0305004111000326},
  Fjournal                 = {Mathematical Proceedings of the Cambridge Philosophical
                              Society},
  ISSN                     = {0305-0041},
  Mrclass                  = {14C22 (11G35 11R33 14G25 14J28)},
  Mrnumber                 = {2823134 (2012i:14015)},
  Mrreviewer               = {I. Dolgachev},
  Url                      = {http://dx.doi.org/10.1017/S0305004111000326}
}
@Article{elsenhans-jahnel-11b,
  Title                    = {The {P}icard group of a {$K3$} surface and its reduction
                              modulo {$p$}},
  Author                   = {Elsenhans, Andreas-Stephan and Jahnel, J{\"o}rg},
  Journal                  = {Algebra Number Theory},
  Year                     = {2011},
  Number                   = {8},
  Pages                    = {1027--1040},
  Volume                   = {5},
  Doi                      = {10.2140/ant.2011.5.1027},
  Fjournal                 = {Algebra \& Number Theory},
  ISSN                     = {1937-0652},
  Mrclass                  = {14C22 (14D15 14J28 14Q10)},
  Mrnumber                 = {2948470},
  Mrreviewer               = {Barry H. Dayton},
  Url                      = {http://dx.doi.org/10.2140/ant.2011.5.1027}
}
@article {elsenhans-jahnel-12,
  AUTHOR = {Elsenhans, Andreas-Stephan and Jahnel, J{\"o}rg},
  TITLE = {Kummer surfaces and the computation of the {P}icard group},
  JOURNAL = {LMS J. Comput. Math.},
  FJOURNAL = {LMS Journal of Computation and Mathematics},
  VOLUME = {15},
  YEAR = {2012},
  PAGES = {84--100},
  ISSN = {1461-1570},
  MRCLASS = {14J28 (14C22 14G15 14G25)},
  MRNUMBER = {2911278},
  MRREVIEWER = {I. Dolgachev},
  DOI = {10.1112/S1461157012000022},
  URL = {http://dx.doi.org/10.1112/S1461157012000022},
}

@article {elsenhans-jahnel-16,
  AUTHOR = {Elsenhans, Andreas-Stephan and Jahnel, J\"org},
  TITLE = {Point counting on {K}3 surfaces and an application concerning
           real and complex multiplication},
  JOURNAL = {LMS J. Comput. Math.},
  FJOURNAL = {LMS Journal of Computation and Mathematics},
  VOLUME = {19},
  YEAR = {2016},
  NUMBER = {suppl. A},
  PAGES = {12--28},
  ISSN = {1461-1570},
  MRCLASS = {14J28 (11G15 11M38 11Y16)},
  MRNUMBER = {3540943},
  MRREVIEWER = {Stefan Schr\"oer},
  URL = {https://doi.org/10.1112/S1461157016000176},
}

@article{elsenhans-jahnel-18,
  author    = {Elsenhans, Andreas-Stephan and Jahnel, J\"org},
  title     = {Real and complex multiplication on {K3} surfaces via period integration},
  journal   = "preprint",
  year      = "2018",
  note = {{\tt arXiv:1802.10210 }}
}
  %FF
@article {fite-kedlaya-sutherland-rotger-12,
  AUTHOR = {Fit{\'e}, Francesc and Kedlaya, Kiran S. and Rotger,
            V{\'{\i}}ctor and Sutherland, Andrew V.},
  TITLE = {Sato-{T}ate distributions and {G}alois endomorphism modules in
           genus 2},
  JOURNAL = {Compos. Math.},
  FJOURNAL = {Compositio Mathematica},
  VOLUME = {148},
  YEAR = {2012},
  NUMBER = {5},
  PAGES = {1390--1442},
  ISSN = {0010-437X},
  MRCLASS = {11M50 (11G10 11G20 14G10 14K15)},
  MRNUMBER = {2982436},
  MRREVIEWER = {Imin Chen},
  DOI = {10.1112/S0010437X12000279},
  URL = {http://dx.doi.org/10.1112/S0010437X12000279},
}

@incollection {fite-kedlaya-sutherland-12,
  AUTHOR = {Fit{\'e}, Francesc and Kedlaya, Kiran S. and Sutherland,
            Andrew V.},
  TITLE = {Sato-{T}ate groups of some weight 3 motives},
  BOOKTITLE = {Frobenius distributions: {L}ang-{T}rotter and {S}ato-{T}ate
               conjectures},
  SERIES = {Contemp. Math.},
  VOLUME = {663},
  PAGES = {57--101},
  PUBLISHER = {Amer. Math. Soc., Providence, RI},
  YEAR = {2016},
  MRCLASS = {11M50 (11G09 14C15 14J32 14K15)},
  MRNUMBER = {3502939},
  DOI = {10.1090/conm/663/13350},
  URL = {http://dx.doi.org/10.1090/conm/663/13350},
}
@book{frenkel,
  author = {Edward Frenkel},
  title = {Love and math: The heart of hidden reality},
  PUBLISHER = {Basic Books},
  year= {2013}
}

@article {furer-09,
  AUTHOR = {F{\"u}rer, Martin},
  TITLE = {Faster integer multiplication},
  JOURNAL = {SIAM J. Comput.},
  FJOURNAL = {SIAM Journal on Computing},
  VOLUME = {39},
  YEAR = {2009},
  NUMBER = {3},
  PAGES = {979--1005},
  ISSN = {0097-5397},
  MRCLASS = {68W30 (68Q25 68W40)},
  MRNUMBER = {2538847 (2011b:68296)},
  MRREVIEWER = {Peter B{\"u}rgisser},
  DOI = {10.1137/070711761},
  URL = {http://dx.doi.org/10.1137/070711761},
}

  %GG
@incollection {gaudry-gurel-01,
    AUTHOR = {Gaudry, Pierrick and G\"urel, Nicolas},
     TITLE = {An extension of {K}edlaya's point-counting algorithm to
              superelliptic curves},
 BOOKTITLE = {Advances in cryptology---{ASIACRYPT} 2001 ({G}old {C}oast)},
    SERIES = {Lecture Notes in Comput. Sci.},
    VOLUME = {2248},
     PAGES = {480--494},
 PUBLISHER = {Springer, Berlin},
      YEAR = {2001},
   MRCLASS = {11Y16 (11G20 14Q15 94A60)},
  MRNUMBER = {1934859},
MRREVIEWER = {Edlyn E. Teske},
       URL = {https://doi.org/10.1007/3-540-45682-1_28},
}
	
@incollection {gaudry-harley-00,
    AUTHOR = {Gaudry, Pierrick and Harley, Robert},
     TITLE = {Counting points on hyperelliptic curves over finite fields},
 BOOKTITLE = {Algorithmic number theory ({L}eiden, 2000)},
    SERIES = {Lecture Notes in Comput. Sci.},
    VOLUME = {1838},
     PAGES = {313--332},
 PUBLISHER = {Springer, Berlin},
      YEAR = {2000},
   MRCLASS = {11G20 (11Y16 14G15)},
  MRNUMBER = {1850614},
MRREVIEWER = {Michael E. Zieve},
       URL = {https://doi.org/10.1007/10722028_18},
}

@incollection{gaudry-kohel-smith-11,
    AUTHOR = {Gaudry, Pierrick and Kohel, David and Smith, Benjamin},
     TITLE = {Counting points on genus 2 curves with real multiplication},
 BOOKTITLE = {Advances in cryptology---{ASIACRYPT} 2011},
    SERIES = {Lecture Notes in Comput. Sci.},
    VOLUME = {7073},
     PAGES = {504--519},
 PUBLISHER = {Springer, Heidelberg},
      YEAR = {2011},
   MRCLASS = {14G15 (11G05 11T71 14G50 94A60)},
  MRNUMBER = {2935020},
MRREVIEWER = {Conjeeveram S. Rajan},
       URL = {https://doi.org/10.1007/978-3-642-25385-0_27},
}
		
@incollection {gaudry-schost-04,
    AUTHOR = {Gaudry, Pierrick and Schost, \'Eric},
     TITLE = {Construction of secure random curves of genus 2 over prime
              fields},
 BOOKTITLE = {Advances in cryptology---{EUROCRYPT} 2004},
    SERIES = {Lecture Notes in Comput. Sci.},
    VOLUME = {3027},
     PAGES = {239--256},
 PUBLISHER = {Springer, Berlin},
      YEAR = {2004},
   MRCLASS = {11Y16 (11G20)},
  MRNUMBER = {2153176},
MRREVIEWER = {Steven D. Galbraith},
       URL = {https://doi.org/10.1007/978-3-540-24676-3_15},
}

@article {gaudry-schost-12,
    AUTHOR = {Gaudry, Pierrick and Schost, \'Eric},
     TITLE = {Genus 2 point counting over prime fields},
   JOURNAL = {J. Symbolic Comput.},
  FJOURNAL = {Journal of Symbolic Computation},
    VOLUME = {47},
      YEAR = {2012},
    NUMBER = {4},
     PAGES = {368--400},
      ISSN = {0747-7171},
   MRCLASS = {11Y16 (11G20 11T71 14G50 94A60)},
  MRNUMBER = {2890878},
MRREVIEWER = {Steven D. Galbraith},
       URL = {https://doi.org/10.1016/j.jsc.2011.09.003},
}
		
@article {gerkmann-07,
  AUTHOR = {Gerkmann, Ralf},
  TITLE = {Relative rigid cohomology and deformation of hypersurfaces},
  JOURNAL = {Int. Math. Res. Pap. IMRP},
  FJOURNAL = {International Mathematics Research Papers. IMRP},
  YEAR = {2007},
  NUMBER = {1},
  PAGES = {Art. ID rpm003, 67},
  ISSN = {1687-3017},
  MRCLASS = {14G15 (11G25 14F43 14G10)},
  MRNUMBER = {2334009},
  MRREVIEWER = {Am{\'{\i}}lcar Pacheco},
}


@incollection {goncalves-15,
    AUTHOR = {Gon\c{c}alves, C\'ecile},
     TITLE = {A point counting algorithm for cyclic covers of the projective
              line},
 BOOKTITLE = {Algorithmic arithmetic, geometry, and coding theory},
    SERIES = {Contemp. Math.},
    VOLUME = {637},
     PAGES = {145--172},
 PUBLISHER = {Amer. Math. Soc., Providence, RI},
      YEAR = {2015},
   MRCLASS = {14G15 (11G20 14H30 14H50)},
  MRNUMBER = {3364447},
MRREVIEWER = {Nurdag\"ul Anbar},
       URL = {https://doi.org/10.1090/conm/637/12754},
}
@article {gonzales-14,
  AUTHOR = {Gonz{\'a}lez, Josep},
  TITLE = {The {F}robenius traces distribution for modular {A}belian
           surfaces},
  JOURNAL = {Ramanujan J.},
  FJOURNAL = {Ramanujan Journal. An International Journal Devoted to the
              Areas of Mathematics Influenced by Ramanujan},
  VOLUME = {33},
  YEAR = {2014},
  NUMBER = {2},
  PAGES = {247--261},
  ISSN = {1382-4090},
  MRCLASS = {14G10 (14G35)},
  MRNUMBER = {3165538},
  MRREVIEWER = {Lei Yang},
  DOI = {10.1007/s11139-013-9543-6},
  URL = {http://dx.doi.org/10.1007/s11139-013-9543-6},
}
@article {griffiths-69,
  AUTHOR = {Griffiths, Phillip A.},
  TITLE = {On the periods of certain rational integrals. {I}, {II}},
  JOURNAL = {Ann. of Math. (2) 90 (1969), 460-495; ibid. (2)},
  FJOURNAL = {Annals of Mathematics. Second Series},
  VOLUME = {90},
  YEAR = {1969},
  PAGES = {496--541},
  ISSN = {0003-486X},
  MRCLASS = {14.01},
  MRNUMBER = {0260733},
  MRREVIEWER = {F. Gherardelli},
}


@article {gross-rohrlich-78,
    AUTHOR = {Gross, Benedict H. and Rohrlich, David E.},
     TITLE = {Some results on the {M}ordell-{W}eil group of the {J}acobian
              of the {F}ermat curve},
   JOURNAL = {Invent. Math.},
  FJOURNAL = {Inventiones Mathematicae},
    VOLUME = {44},
      YEAR = {1978},
    NUMBER = {3},
     PAGES = {201--224},
      ISSN = {0020-9910},
   MRCLASS = {14G25 (10B15)},
  MRNUMBER = {0491708},
MRREVIEWER = {M. Basmakov},
       URL = {https://doi.org/10.1007/BF01403161},
}
  %HH
@incollection {harder-thompson-15,
  AUTHOR = {Harder, Andrew and Thompson, Alan},
  TITLE = {The geometry and moduli of {K}3 surfaces},
  BOOKTITLE = {Calabi-{Y}au varieties: arithmetic, geometry and physics},
  SERIES = {Fields Inst. Monogr.},
  VOLUME = {34},
  PAGES = {3--43},
  PUBLISHER = {Fields Inst. Res. Math. Sci., Toronto, ON},
  YEAR = {2015},
  MRCLASS = {14J10 (14J28)},
  MRNUMBER = {3409771},
  MRREVIEWER = {Daniel Naie},
  DOI = {10.1007/978-1-4939-2830-9_1},
  URL = {http://dx.doi.org/10.1007/978-1-4939-2830-9_1},
}

@article {harrison-12,
    AUTHOR = {Harrison, Michael C.},
     TITLE = {An extension of {K}edlaya's algorithm for hyperelliptic
              curves},
   JOURNAL = {J. Symbolic Comput.},
  FJOURNAL = {Journal of Symbolic Computation},
    VOLUME = {47},
      YEAR = {2012},
    NUMBER = {1},
     PAGES = {89--101},
      ISSN = {0747-7171},
   MRCLASS = {11G20 (11Y16 68W30)},
  MRNUMBER = {2854849},
MRREVIEWER = {Claus Diem},
       URL = {https://doi.org/10.1016/j.jsc.2011.08.019},
}

@Book{hartshorne-77,
  Title                    = {Algebraic geometry},
  Author                   = {Hartshorne, R.},
  Publisher                = {Springer-Verlag, New York-Heidelberg},
  Year                     = {1977},
  Note                     = {Graduate Texts in Mathematics, No. 52},
  ISBN                     = {0-387-90244-9},
  Mrclass                  = {14-01},
  Mrnumber                 = {0463157 (57 \#3116)},
  Mrreviewer               = {Robert Speiser},
  Pages                    = {xvi+496}
}



@article {harvey-07,
  AUTHOR = {Harvey, David},
  TITLE = {Kedlaya's algorithm in larger characteristic},
  JOURNAL = {Int. Math. Res. Not. IMRN},
  FJOURNAL = {International Mathematics Research Notices. IMRN},
  YEAR = {2007},
  NUMBER = {22},
  PAGES = {Art. ID rnm095, 29},
  ISSN = {1073-7928},
  MRCLASS = {11G20 (14F30)},
  MRNUMBER = {2376210},
  MRREVIEWER = {Am{\'{\i}}lcar Pacheco},
  DOI = {10.1093/imrn/rnm095},
  URL = {http://dx.doi.org/10.1093/imrn/rnm095},
}
@article {harvey-14,
  AUTHOR = {Harvey, David},
  TITLE = {Counting points on hyperelliptic curves in average polynomial
           time},
  JOURNAL = {Ann. of Math. (2)},
  FJOURNAL = {Annals of Mathematics. Second Series},
  VOLUME = {179},
  YEAR = {2014},
  NUMBER = {2},
  PAGES = {783--803},
  ISSN = {0003-486X},
  MRCLASS = {11G05 (11D45)},
  MRNUMBER = {3152945},
  MRREVIEWER = {Imin Chen},
  DOI = {10.4007/annals.2014.179.2.7},
  URL = {http://dx.doi.org/10.4007/annals.2014.179.2.7},
}

@Article{harvey-15,
  Title                    = {Computing zeta functions of arithmetic schemes},
  Author                   = {Harvey, David},
  Journal                  = {Proc. Lond. Math. Soc. (3)},
  Year                     = {2015},
  Number                   = {6},
  Pages                    = {1379--1401},
  Volume                   = {111},
  Doi                      = {10.1112/plms/pdv056},
  Fjournal                 = {Proceedings of the London Mathematical Society. Third Series},
  ISSN                     = {0024-6115},
  Mrclass                  = {Preliminary Data},
  Mrnumber                 = {3447797},
  Url                      = {http://dx.doi.org/10.1112/plms/pdv056}
}

@misc{harvey-hypersurface1,
  author = {Harvey, David},
  title = {{Computing zeta functions of certain varieties in larger characteristic}},
  howpublished = "\url{http://web.maths.unsw.edu.au/~davidharvey/talks/zetasqrtp-talk.pdf}",
  year = {2010}, 
  note = "[Online; accessed 15-January-2018]"
}
@misc{harvey-hypersurface2,
  author = {Harvey, David},
  title = {{Computing zeta functions of projective surfaces in large characteristic}},
  howpublished = "\url{http://web.maths.unsw.edu.au/~davidharvey/talks/zetasqrtp-talk3.pdf}",
  year = {2010}, 
  note = "[Online; accessed 15-January-2018]"
}

@misc{harvey-hypersurface3,
  author = {Harvey, David},
  title = {{Counting points on projective hypersurfaces}},
  howpublished = "\url{http://web.maths.unsw.edu.au/~davidharvey/talks/zetasurface.pdf}",
  year = {2010}, 
  note = "[Online; accessed 15-January-2018]"
}

@article {harvey-sutherland-14a,
  AUTHOR = {Harvey, David and Sutherland, Andrew V.},
  TITLE = {Computing {H}asse-{W}itt matrices of hyperelliptic curves in
           average polynomial time},
  JOURNAL = {LMS J. Comput. Math.},
  FJOURNAL = {LMS Journal of Computation and Mathematics},
  VOLUME = {17},
  YEAR = {2014},
  NUMBER = {suppl. A},
  PAGES = {257--273},
  ISSN = {1461-1570},
  MRCLASS = {11G20 (11M38 11Y16 14G25 14H45)},
  MRNUMBER = {3240808},
  MRREVIEWER = {Daniel Sadornil},
  DOI = {10.1112/S1461157014000187},
  URL = {http://dx.doi.org/10.1112/S1461157014000187},
}

@incollection {harvey-sutherland-16,
  AUTHOR = {Harvey, David and Sutherland, Andrew V.},
  TITLE = {Computing {H}asse-{W}itt matrices of hyperelliptic curves in
           average polynomial time, {II}},
  BOOKTITLE = {Frobenius distributions: {L}ang-{T}rotter and {S}ato-{T}ate
               conjectures},
  SERIES = {Contemp. Math.},
  VOLUME = {663},
  PAGES = {127--147},
  PUBLISHER = {Amer. Math. Soc., Providence, RI},
  YEAR = {2016},
  MRCLASS = {11G20 (11M38 11Y16 14G25)},
  MRNUMBER = {3502941},
  DOI = {10.1090/conm/663/13352},
  URL = {http://dx.doi.org/10.1090/conm/663/13352},
}

@article {hassett-00,
    AUTHOR = {Hassett, Brendan},
     TITLE = {Special cubic fourfolds},
   JOURNAL = {Compositio Math.},
  FJOURNAL = {Compositio Mathematica},
    VOLUME = {120},
      YEAR = {2000},
    NUMBER = {1},
     PAGES = {1--23},
      ISSN = {0010-437X},
   MRCLASS = {14J35 (14J10 14J28 14J45)},
  MRNUMBER = {1738215},
MRREVIEWER = {Elham Izadi},
       DOI = {10.1023/A:1001706324425},
       URL = {https://doi.org/10.1023/A:1001706324425},
}

@incollection{hassett-16,
    AUTHOR = {Hassett, Brendan},
     TITLE = {Cubic fourfolds, {K}3 surfaces, and rationality questions},
 BOOKTITLE = {Rationality problems in algebraic geometry},
    SERIES = {Lecture Notes in Math.},
    VOLUME = {2172},
     PAGES = {29--66},
 PUBLISHER = {Springer, Cham},
      YEAR = {2016},
   MRCLASS = {14J35 (14E08 14J28 14M20)},
  MRNUMBER = {3618665},
MRREVIEWER = {Zhiyu Tian},
}

@Article{hassett-kresch-tschikel-13,
  Title                    = {Effective computation of {P}icard groups and {B}rauer--{M}anin obstructions of degree two {K}3 surfaces over number fields},
  Author                   = {Hassett, Brendan and Kresch, Andrew and Tschinkel, Yuri},
  Journal                  = {Rendiconti del Circolo Matematico di Palermo},
  Year                     = {2013},
  Number                   = {1},
  Pages                    = {137--151},
  Volume                   = {62},
  Publisher                = {Springer}
}

@Article{hassett-varilly-alvarado-varilly-11,
  Title                    = {Transcendental obstructions to weak approximations on general {K}3 surfaces},
  Author                   = {Hassett, Brendan and V\'arilly-Alvarado, Anthony and Varilly, Patrick},
  Journal                  = {Adv. Math.},
  Year                     = {2011},
  Number                   = {3},
  Pages                    = {1377--1404},
  Volume                   = {228},
  Publisher                = {Elsevier}
}

@Book{hindry-silverman-00,
  Title                    = {Diophantine geometry: an introduction},
  Author                   = {Hindry, Marc and Silverman, Joseph H.},
  Publisher                = {Springer-Verlag, New York},
  Year                     = {2000},
  Series                   = {Graduate Texts in Mathematics},
  Volume                   = {201},
  Doi                      = {10.1007/978-1-4612-1210-2},
  ISBN                     = {0-387-98975-7; 0-387-98981-1},
  Mrclass                  = {11Gxx (11-02 11G10 11G30 11G50 14G25)},
  Mrnumber                 = {1745599},
  Mrreviewer               = {Dino J. Lorenzini},
  Pages                    = {xiv+558},
  Url                      = {http://dx.doi.org/10.1007/978-1-4612-1210-2}
}

@article{hubrechts-07,
  AUTHOR = {Hubrechts, Hendrik},
  TITLE = {Point counting in families of hyperelliptic curves},
  JOURNAL = {Found. Comp. Math.},
  FJOURNAL = {Foundations of Computatonal Mathematics},
  VOLUME = {8},
  YEAR = {2008},
  PAGES = {137--169},
  DOI = {10.1007/s10208-007-9000-2},
}

@article{hubrechts-10,
  AUTHOR = {Hubrechts, Hendrik},
  TITLE = {Memory efficient hyperelliptic curve point counting},
  JOURNAL = {Int. J. Num. Theory},
  FJOURNAL = {International Journal of Number Theory},
  VOLUME = {7},
  YEAR = {2011},
  NUMBER = {1},
  PAGES = {203--214},
  DOI = {10.1142/S1793042111004034},
  URL = {http://dx.doi.org/10.1142/S1793042111004034},
}

@book {huybrechts-16,
  AUTHOR = {Huybrechts, Daniel},
  TITLE = {Lectures on {K}3 surfaces},
  SERIES = {Cambridge Studies in Advanced Mathematics},
  VOLUME = {158},
  PUBLISHER = {Cambridge University Press, Cambridge},
  YEAR = {2016},
  PAGES = {xi+485},
  ISBN = {978-1-107-15304-2},
  MRCLASS = {14J28},
  MRNUMBER = {3586372},
  MRREVIEWER = {Shigeyuki Kondo},
  Url      = {http://www.math.uni-bonn.de/people/huybrech/K3Global.pdf}
}

  %%II
@Article{ieronymou-10,
  Title                    = {Diagonal quartic surfaces and transcendental elements of the {B}rauer group},
  Author                   = {Ieronymou, Evis},
  Journal                  = {J. Inst. Math. Jussieu},
  Year                     = {2010},
  Number                   = {04},
  Volume                   = {9},
  Publisher                = {Cambridge Univ. Press}
}
@article {ieronymou-skorobogatov-15a,
    AUTHOR = {Ieronymou, Evis and Skorobogatov, Alexei N.},
     TITLE = {Odd order {B}rauer-{M}anin obstruction on diagonal quartic
              surfaces},
   JOURNAL = {Adv. Math.},
  FJOURNAL = {Advances in Mathematics},
    VOLUME = {270},
      YEAR = {2015},
     PAGES = {181--205},
      ISSN = {0001-8708},
   MRCLASS = {14F22 (11D25 14G25)},
  MRNUMBER = {3286534},
MRREVIEWER = {J\"org Jahnel},
       URL = {https://doi.org/10.1016/j.aim.2014.11.004},
}

@article {ieronymou-skorobogatov-15b,
    AUTHOR = {Ieronymou, Evis and Skorobogatov, Alexei N.},
     TITLE = {Corrigendum to ``{O}dd order {B}rauer-{M}anin obstruction on
              diagonal quartic surfaces'' [{A}dv. {M}ath. 270 (2015)
              181--205] [ {MR}3286534]},
   JOURNAL = {Adv. Math.},
  FJOURNAL = {Advances in Mathematics},
    VOLUME = {307},
      YEAR = {2017},
     PAGES = {1372--1377},
      ISSN = {0001-8708},
   MRCLASS = {14F22 (11D25 14G25)},
  MRNUMBER = {3590544},
MRREVIEWER = {J\"org Jahnel},
       URL = {https://doi.org/10.1016/j.aim.2016.05.014},
}
@inproceedings {inose-77,
  AUTHOR = {Inose, Hiroshi},
  TITLE = {Defining equations of singular {K3} surfaces and a notion of
           isogeny},
  BOOKTITLE = {Proceedings of the {I}nternational {S}ymposium on {A}lgebraic
               {G}eometry ({K}yoto {U}niv., {K}yoto, 1977)},
  PAGES = {495--502},
  PUBLISHER = {Kinokuniya Book Store, Tokyo},
  YEAR = {1978},
  MRCLASS = {14J25 (14G25)},
  MRNUMBER = {578868},
  MRREVIEWER = {Jayant M. Shah},
}

@article{ito-16,
  AUTHOR = {Ito, Kazuhiro},
  TITLE = {Unconditional construction of {K3} surfaces over finite fields with given L-function in large characteristic},
  JOURNAL = "preprint",
  YEAR = "2016",
  note = {{\tt arXiv:1612.05382}}
}

  %%JJ

@book {jao-03,
  AUTHOR = {Jao, David Yen},
  TITLE = {Supersingular primes for rational points on modular curves},
  NOTE = {Thesis (Ph.D.)--Harvard University},
  PUBLISHER = {ProQuest LLC, Ann Arbor, MI},
  YEAR = {2003},
  PAGES = {88},
  ISBN = {978-0496-39298-8},
  MRCLASS = {Thesis},
  MRNUMBER = {2704678},
  URL =
  {http://gateway.proquest.com/openurl?url_ver=Z39.88-2004&rft_val_fmt=info:ofi/fmt:kev:mtx:dissertation&res_dat=xri:pqdiss&rft_dat=xri:pqdiss:3091589},
}
@article{johansson-15,
  author    = {Christian Johansson},
  title     = {On the {S}ato-{T}ate conjecture for non-generic abelian surfaces},
  journal   = "preprint",
  year      = "2015",
  note = {{\tt arXiv:1307.6478}}
}
@misc{dejong-frobenius,
  author = {de Jong, Aise Johan},
  title = {Frobenius project},
  howpublished = "\url{https://www.math.columbia.edu/~dejong/}",
  year = {2010}, 
  note = "[Online; accessed 15-January-2018]"
}

  %KK
@PHDTHESIS {kadir-thesis,
  AUTHOR = {Shabnam N. Kadir},
  TITLE = {The arithmetic of {C}alabi--{Y}au manifolds and mirror symmetry,},
  JOURNAL = {Ph.D. Thesis (Advisor: X. de la Ossa)},
  SCHOOL = {Univ. of Oxford},
  YEAR = {2004},
}
@Article{kappe-warren-89,
  Title                    = {An elementary test for the {G}alois group of a quartic polynomial},
  Author                   = {Kappe, Luise-Charlotte and Warren, Bette},
  Journal                  = {Amer. Math. Monthly},
  Year                     = {1989},
  Number                   = {2},
  Pages                    = {133--137},
  Volume                   = {96},
  Coden                    = {AMMYAE},
  Doi                      = {10.2307/2323198},
  Fjournal                 = {The American Mathematical Monthly},
  ISSN                     = {0002-9890},
  Mrclass                  = {12F10 (12E05)},
  Mrnumber                 = {992075 (90i:12006)},
  Mrreviewer               = {Kurt Girstmair},
  Url                      = {http://0-dx.doi.org.pugwash.lib.warwick.ac.uk/10.2307/2323198}
}
@article {katz-09,
  AUTHOR = {Katz, Nicholas M.},
  TITLE = {Lang-{T}rotter revisited},
  JOURNAL = {Bull. Amer. Math. Soc. (N.S.)},
  FJOURNAL = {American Mathematical Society. Bulletin. New Series},
  VOLUME = {46},
  YEAR = {2009},
  NUMBER = {3},
  PAGES = {413--457},
  ISSN = {0273-0979},
  CODEN = {BAMOAD},
  MRCLASS = {11G05 (11F80 11G18 11G20)},
  MRNUMBER = {2507277 (2010f:11088)},
  MRREVIEWER = {{\'A}lvaro Lozano-Robledo},
  DOI = {10.1090/S0273-0979-09-01257-9},
  URL = {http://dx.doi.org/10.1090/S0273-0979-09-01257-9},
}

@book{katz-sarnak-99,
  AUTHOR = {Katz, Nicholas M. and Sarnak, Peter},
  TITLE = {Random matrices, {F}robenius eigenvalues, and monodromy},
  SERIES = {American Mathematical Society Colloquium Publications},
  VOLUME = {45},
  PUBLISHER = {American Mathematical Society, Providence, RI},
  YEAR = {1999},
  PAGES = {xii+419},
  ISBN = {0-8218-1017-0},
  MRCLASS = {11G25 (11M06 11Y35 14D05 14G10 60F99 82B44)},
  MRNUMBER = {1659828 (2000b:11070)},
  MRREVIEWER = {Philippe G. Michel},
}
@incollection {kato-89,
    AUTHOR = {Kato, Kazuya},
     TITLE = {Logarithmic structures of {F}ontaine-{I}llusie},
 BOOKTITLE = {Algebraic analysis, geometry, and number theory ({B}altimore,
              {MD}, 1988)},
     PAGES = {191--224},
 PUBLISHER = {Johns Hopkins Univ. Press, Baltimore, MD},
      YEAR = {1989},
   MRCLASS = {14F30 (14G20)},
  MRNUMBER = {1463703},
MRREVIEWER = {Adolfo Quir\'os},
}


@article {kedlaya-01,
  AUTHOR = {Kedlaya, Kiran S.},
  TITLE = {Counting points on hyperelliptic curves using
           {M}onsky-{W}ashnitzer cohomology},
  JOURNAL = {J. Ramanujan Math. Soc.},
  FJOURNAL = {Journal of the Ramanujan Mathematical Society},
  VOLUME = {16},
  YEAR = {2001},
  NUMBER = {4},
  PAGES = {323--338},
  ISSN = {0970-1249},
  MRCLASS = {14G05 (11G25 14F43 14G15)},
  MRNUMBER = {1877805 (2002m:14019)},
  MRREVIEWER = {Miriam D. Abd{\'o}n},
}


@incollection{kedlaya-08,
    AUTHOR = {Kedlaya, Kiran S.},
     TITLE = {Search techniques for root-unitary polynomials},
 BOOKTITLE = {Computational arithmetic geometry},
    SERIES = {Contemp. Math.},
    VOLUME = {463},
     PAGES = {71--81},
 PUBLISHER = {Amer. Math. Soc., Providence, RI},
      YEAR = {2008},
   MRCLASS = {26C10 (12D10)},
  MRNUMBER = {2459990},
MRREVIEWER = {Jos\'e Luis D\'\i az-Barrero},
       URL = {https://doi.org/10.1090/conm/463/09047},
}

@incollection{kedlaya-13,
  AUTHOR = {Kedlaya, Kiran S.},
  TITLE = {Effective $p$-adic cohomology for cyclic cubic threefolds},
  BOOKTITLE = {Computational algebraic and analytic geometry},
  SERIES = {Contemp. Math.},
  VOLUME = {572},
  PUBLISHER = {Amer. Math. Soc., Providence, RI},
  YEAR = {2013},
  PAGES = {127--171},
}

@misc{kedlaya-oxfordtalk,
  author = {Kedlaya, Kiran S.},
  title = {{Computing zeta functions of nondegenerate toric hypersurfaces via controlled reduction}},
  howpublished = "\url{http://kskedlaya.org/slides/oxford2013.pdf}",
  year = {2013}, 
  note = "[Online; accessed 25-January-2018]"
}

@incollection {kedlaya-sutherland-09,
  AUTHOR = {Kedlaya, Kiran S. and Sutherland, Andrew V.},
  TITLE = {Hyperelliptic curves, {$L$}-polynomials, and random matrices},
  BOOKTITLE = {Arithmetic, geometry, cryptography and coding theory},
  SERIES = {Contemp. Math.},
  VOLUME = {487},
  PAGES = {119--162},
  PUBLISHER = {Amer. Math. Soc., Providence, RI},
  YEAR = {2009},
  MRCLASS = {11G40 (11G30 11M50)},
  MRNUMBER = {2555991},
  DOI = {10.1090/conm/487/09529},
  URL = {http://dx.doi.org/10.1090/conm/487/09529},
}

@article{kedlaya-sutherland-16,
  AUTHOR = {Kedlaya, Kiran S. and Sutherland, Andrew V.},
  TITLE = {A census of zeta functions of quartic {$K3$} surfaces over
           {$\Bbb{F}_2$}},
  JOURNAL = {LMS J. Comput. Math.},
  FJOURNAL = {LMS Journal of Computation and Mathematics},
  VOLUME = {19},
  YEAR = {2016},
  NUMBER = {suppl. A},
  PAGES = {1--11},
  ISSN = {1461-1570},
  MRCLASS = {11M38 (14J28)},
  MRNUMBER = {3540942},
  DOI = {10.1112/S1461157016000140},
  URL = {http://dx.doi.org/10.1112/S1461157016000140},
}

@article {kimberling-98,
    AUTHOR = {Kimberling, Clark},
     TITLE = {Triangle centers and central triangles},
   JOURNAL = {Congr. Numer.},
  FJOURNAL = {Congressus Numerantium. A Conference Journal on Numerical
              Themes},
    VOLUME = {129},
      YEAR = {1998},
     PAGES = {xxvi+295},
      ISSN = {0384-9864},
   MRCLASS = {52A10 (51M04)},
  MRNUMBER = {1636705},
}

@article {kuga-satake-67,
  AUTHOR = {Kuga, Michio and Satake, Ichir{\^o}},
  TITLE = {Abelian varieties attached to polarized {$K_{3}$}-surfaces},
  JOURNAL = {Math. Ann.},
  FJOURNAL = {Mathematische Annalen},
  VOLUME = {169},
  YEAR = {1967},
  PAGES = {239--242},
  ISSN = {0025-5831},
  MRCLASS = {14.51 (32.65)},
  MRNUMBER = {0210717},
  MRREVIEWER = {M. F. Atiyah},
}

@article {kumar-08,
  AUTHOR = {Kumar, Abhinav},
  TITLE = {{$K3$} surfaces associated with curves of genus two},
  JOURNAL = {Int. Math. Res. Not. IMRN},
  FJOURNAL = {International Mathematics Research Notices. IMRN},
  YEAR = {2008},
  NUMBER = {6},
  PAGES = {Art. ID rnm165, 26},
  ISSN = {1073-7928},
  MRCLASS = {14J28 (14H45 14J27)},
  MRNUMBER = {2427457},
  MRREVIEWER = {James N. Brawner},
  URL = {https://doi.org/10.1093/imrn/rnm165},
}

@article {kresch-tschinkel-04,
  AUTHOR = {Kresch, Andrew and Tschinkel, Yuri},
  TITLE = {On the arithmetic of del {P}ezzo surfaces of degree 2},
  JOURNAL = {Proc. London Math. Soc. (3)},
  FJOURNAL = {Proceedings of the London Mathematical Society. Third Series},
  VOLUME = {89},
  YEAR = {2004},
  NUMBER = {3},
  PAGES = {545--569},
  ISSN = {0024-6115},
  CODEN = {PLMTAL},
  MRCLASS = {14G25 (14F22)},
  MRNUMBER = {2107007},
  MRREVIEWER = {Timothy D. Browning},
  DOI = {10.1112/S002461150401490X},
  URL = {http://dx.doi.org/10.1112/S002461150401490X},
}

@article {kreuzer-skarke-98,
  AUTHOR = {Kreuzer, Maximilian and Skarke, Harald},
  TITLE = {Classification of reflexive polyhedra in three dimensions},
  JOURNAL = {Adv. Theor. Math. Phys.},
  FJOURNAL = {Advances in Theoretical and Mathematical Physics},
  VOLUME = {2},
  YEAR = {1998},
  NUMBER = {4},
  PAGES = {853--871},
  ISSN = {1095-0761},
  MRCLASS = {14M25 (14J30 14J32)},
  MRNUMBER = {1663339},
  MRREVIEWER = {Sandra Di Rocco},
  DOI = {10.4310/ATMP.1998.v2.n4.a5},
  URL = {http://dx.doi.org/10.4310/ATMP.1998.v2.n4.a5},
}

@article {kreuzer-skarke-00,
    AUTHOR = {Kreuzer, Maximilian and Skarke, Harald},
     TITLE = {Complete classification of reflexive polyhedra in four
              dimensions},
   JOURNAL = {Adv. Theor. Math. Phys.},
  FJOURNAL = {Advances in Theoretical and Mathematical Physics},
    VOLUME = {4},
      YEAR = {2000},
    NUMBER = {6},
     PAGES = {1209--1230},
      ISSN = {1095-0761},
   MRCLASS = {52B20 (14J32 14J45 14M25)},
  MRNUMBER = {1894855},
MRREVIEWER = {Alexander A. Borisov},
       URL = {https://doi.org/10.4310/ATMP.2000.v4.n6.a2},
}
  %%LL

@article {lauder-04,
  AUTHOR = {Lauder, Alan G. B.},
  TITLE = {Counting solutions to equations in many variables over finite
           fields},
  JOURNAL = {Found. Comput. Math.},
  FJOURNAL = {Foundations of Computational Mathematics. The Journal of the
              Society for the Foundations of Computational Mathematics},
  VOLUME = {4},
  YEAR = {2004},
  NUMBER = {3},
  PAGES = {221--267},
  ISSN = {1615-3375},
  MRCLASS = {14G15 (11D45 11G25 11M38 11Y16 14F30)},
  MRNUMBER = {2078663},
  MRREVIEWER = {Alexander A. Borisov},
  DOI = {10.1007/s10208-003-0093-y},
  URL = {http://dx.doi.org/10.1007/s10208-003-0093-y},
}

@article {lauder-04b,
  AUTHOR = {Lauder, Alan G. B.},
  TITLE = {Deformation theory and the computation of zeta functions},
  JOURNAL = {Proc. London Math. Soc.},
  FJOURNAL = {Proceedings of the London Mathematical Society},
  VOLUME = {3},
  YEAR = {2004},
  PAGES = {565--602},
}

@article {lauder-06,
  AUTHOR = {Lauder, Alan G. B.},
  TITLE = {A recursive method for computing zeta functions of varieties},
  JOURNAL = {LMS J. Comput. Math.},
  FJOURNAL = {LMS Journal of Computation and Mathematics},
  VOLUME = {9},
  YEAR = {2006},
  PAGES = {222--269},
  ISSN = {1461-1570},
  MRCLASS = {14G10 (11M38 14F30 14G22)},
  MRNUMBER = {2261044 (2007g:14022)},
  MRREVIEWER = {Antonio Rojas Le{\'o}n},
  DOI = {10.1112/S1461157000001261},
  URL = {http://dx.doi.org/10.1112/S1461157000001261},
}

@incollection {lauder-wan-08,
  AUTHOR = {Lauder, Alan G. B. and Wan, Daqing},
  TITLE = {Counting points on varieties over finite fields of small
           characteristic},
  BOOKTITLE = {Algorithmic number theory: lattices, number fields, curves and
               cryptography},
  SERIES = {Math. Sci. Res. Inst. Publ.},
  VOLUME = {44},
  PAGES = {579--612},
  PUBLISHER = {Cambridge Univ. Press, Cambridge},
  YEAR = {2008},
  MRCLASS = {14G50 (11G25 11T71 14G10 94A60)},
  MRNUMBER = {2467558},
  MRREVIEWER = {Neal Koblitz},
} 
@book {lang-trotter-76,
  AUTHOR = {Lang, Serge and Trotter, Hale},
  TITLE = {Frobenius distributions in {${\rm GL}_{2}$}-extensions},
  SERIES = {Lecture Notes in Mathematics, Vol. 504},
  NOTE = {Distribution of Frobenius automorphisms in
          ${{\rm{G}}L}_{2}$-extensions of the rational numbers},
  PUBLISHER = {Springer-Verlag},
  ADDRESS = {Berlin},
  YEAR = {1976},
  PAGES = {iii+274},
  MRCLASS = {12A50 (10K05)},
  MRNUMBER = {0568299 (58 \#27900)},
  MRREVIEWER = {G. Frey},
}

@Article{liu-lorenzini-raynaud-05,
  Title                    = {On the {B}rauer group of a surface},
  Author                   = {Liu, Qing and Lorenzini, Dino and Raynaud, Michel},
  Journal                  = {Invent. Math.},
  Year                     = {2005},
  Number                   = {3},
  Pages                    = {673--676},
  Volume                   = {159},
  Coden                    = {INVMBH},
  Doi                      = {10.1007/s00222-004-0403-2},
  Fjournal                 = {Inventiones Mathematicae},
  ISSN                     = {0020-9910},
  Mrclass                  = {14F22 (14G10)},
  Mrnumber                 = {2125738 (2005k:14036)},
  Mrreviewer               = {Cristian D. Gonz{\'a}lez-Avil{\'e}s},
  Url                      = {http://dx.doi.org/10.1007/s00222-004-0403-2},
}

@article {livne-95,
  AUTHOR = {Livn\'e, Ron},
  TITLE = {Motivic orthogonal two-dimensional representations of {${\rm
           Gal}(\overline {\bf Q}/\bold Q)$}},
  JOURNAL = {Israel J. Math.},
  FJOURNAL = {Israel Journal of Mathematics},
  VOLUME = {92},
  YEAR = {1995},
  NUMBER = {1-3},
  PAGES = {149--156},
  ISSN = {0021-2172},
  MRCLASS = {11G40 (11L05 11R32 14F30 14G10 14J28)},
  MRNUMBER = {1357749},
  MRREVIEWER = {Ulf Persson},
  URL = {https://doi.org/10.1007/BF02762074},
}

@article {livne-schuett-yui-10,
    AUTHOR = {Livn\'e, Ron and Sch\"utt, Matthias and Yui, Noriko},
     TITLE = {The modularity of {K3} surfaces with non-symplectic group
              actions},
   JOURNAL = {Math. Ann.},
  FJOURNAL = {Mathematische Annalen},
    VOLUME = {348},
      YEAR = {2010},
    NUMBER = {2},
     PAGES = {333--355},
      ISSN = {0025-5831},
   MRCLASS = {14J28 (11F80 11G40 14G10 14J20 14J27)},
  MRNUMBER = {2672305},
MRREVIEWER = {Remke Kloosterman},
       URL = {https://doi.org/10.1007/s00208-009-0475-9},
}

@misc{lmfdb,
  shorthand    = {LMFDB},
  author       = { {The LMFDB Collaboration} },
  title        =  {The L-functions and Modular Forms Database},
  howpublished = {\url{http://www.lmfdb.org}},
  year         = {2019},
  note         = {[Online; accessed 07 April 2019]},
}

@article{lombardo-18,
  doi = {10.1090/mcom/3358},
  url = {https://doi.org/10.1090/mcom/3358},
  year  = {2018},
  month = {may},
  publisher = {American Mathematical Society ({AMS})},
  volume = {88},
  number = {316},
  pages = {889--929},
  author = {Davide Lombardo},
  title = {Computing the geometric endomorphism ring of a genus-2 Jacobian},
  journal = {Mathematics of Computation}
}

@article {lombardo-peters-schuett-13,
    AUTHOR = {Lombardo, G. and Peters, C. and Sch\"utt, M.},
     TITLE = {Abelian fourfolds of {W}eil type and certain {K}3 double
              planes},
   JOURNAL = {Rend. Semin. Mat. Univ. Politec. Torino},
  FJOURNAL = {Rendiconti del Seminario Matematico. Universit\`a e Politecnico
              Torino},
    VOLUME = {71},
      YEAR = {2013},
    NUMBER = {3-4},
     PAGES = {339--383},
      ISSN = {0373-1243},
   MRCLASS = {14J28 (14J10 14K10)},
  MRNUMBER = {3506391},
MRREVIEWER = {Arvid Siqveland},
}

%MM 

@Article{magma,
  Title                    = {The {M}agma algebra system. {I}. {T}he user language},
  Author                   = {Bosma, Wieb and Cannon, John and Playoust, Catherine},
  Journal                  = {J. Symbolic Comput.},
  Year                     = {1997},
  Note                     = {Computational algebra and number theory (London, 1993)},
  Number                   = {3-4},
  Pages                    = {235--265},
  Volume                   = {24},
  Doi                      = {10.1006/jsco.1996.0125},
  Fjournal                 = {Journal of Symbolic Computation},
  ISSN                     = {0747-7171},
  Mrclass                  = {68Q40},
  Mrnumber                 = {MR1484478},
  Url                      = {http://dx.doi.org/10.1006/jsco.1996.0125}
}

@InCollection{manin-71,
  Title                    = {Le groupe de {B}rauer-{G}rothendieck en g\'eom\'etrie
                              diophantienne},
  Author                   = {Manin, Y. I.},
  Booktitle                = {Actes du {C}ongr\`es {I}nternational des {M}ath\'ematiciens
                              ({N}ice, 1970), {T}ome 1},
  Publisher                = {Gauthier-Villars, Paris},
  Year                     = {1971},
  Pages                    = {401--411},
  Mrclass                  = {14G25},
  Mrnumber                 = {0427322},
  Mrreviewer               = {Loren D. Olson}
}
@article {maulik-14,
  AUTHOR = {Maulik, Davesh},
  TITLE = {Supersingular {K}3 surfaces for large primes},
  NOTE = {With an appendix by Andrew Snowden},
  JOURNAL = {Duke Math. J.},
  FJOURNAL = {Duke Mathematical Journal},
  VOLUME = {163},
  YEAR = {2014},
  NUMBER = {13},
  PAGES = {2357--2425},
  ISSN = {0012-7094},
  MRCLASS = {14J28 (14G17)},
  MRNUMBER = {3265555},
  MRREVIEWER = {Stefan Schr{\"o}er},
  DOI = {10.1215/00127094-2804783},
  URL = {http://dx.doi.org/10.1215/00127094-2804783},
}

@Article{maulik-poonen,
  Title                    = {N\'eron-{S}everi groups under specialization},
  Author                   = {Maulik, Davesh and Poonen, Bjorn},
  Journal                  = {Duke Math. J.},
  Year                     = {2012},
  Number                   = {11},
  Pages                    = {2167--2206},
  Volume                   = {161},
  Coden                    = {DUMJAO},
  Doi                      = {10.1215/00127094-1699490},
  Fjournal                 = {Duke Mathematical Journal},
  ISSN                     = {0012-7094},
  Mrclass                  = {14J10 (14C25 14D07)},
  Mrnumber                 = {2957700},
  Mrreviewer               = {Ekaterina Amerik},
  Url                      = {http://dx.doi.org/10.1215/00127094-1699490}
}
@article {McIntosh-Roettger-07,
  AUTHOR = {McIntosh, Richard J. and Roettger, Eric L.},
  TITLE = {A search for {F}ibonacci-{W}ieferich and {W}olstenholme
           primes},
  JOURNAL = {Math. Comp.},
  FJOURNAL = {Mathematics of Computation},
  VOLUME = {76},
  YEAR = {2007},
  NUMBER = {260},
  PAGES = {2087--2094},
  ISSN = {0025-5718},
  MRCLASS = {11A41 (11A07 11B39)},
  MRNUMBER = {2336284 (2008k:11008)},
  MRREVIEWER = {Jau-Shyong Shiue},
  DOI = {10.1090/S0025-5718-07-01955-2},
  URL = {http://dx.doi.org/10.1090/S0025-5718-07-01955-2},
}
@Article{milne-75,
  Title                    = {On a conjecture of {A}rtin and {T}ate},
  Author                   = {Milne, James S.},
  Journal                  = {Ann. of Math. (2)},
  Year                     = {1975},
  Number                   = {3},
  Pages                    = {517--533},
  Volume                   = {102},
  Fjournal                 = {Annals of Mathematics. Second Series},
  ISSN                     = {0003-486X},
  Mrclass                  = {14G10},
  Mrnumber                 = {0414558 (54 \#2659)},
  Mrreviewer               = {Loren D. Olson}
}

@Misc{milne-75a,
  Title                    = {On a conjecture of {A}rtin and {T}ate - addendum},
  Author                   = {Milne, James S.},
  Note                     = { \url{http://www.jmilne.org/math/articles/add/1975a.pdf}},
  Year                     = {1975}
}

@book {milne-80,
  AUTHOR = {Milne, James S.},
  TITLE = {\'{E}tale cohomology},
  SERIES = {Princeton Mathematical Series},
  VOLUME = {33},
  PUBLISHER = {Princeton University Press, Princeton, N.J.},
  YEAR = {1980},
  PAGES = {xiii+323},
  ISBN = {0-691-08238-3},
  MRCLASS = {14-02 (14F20 18F99)},
  MRNUMBER = {559531},
  MRREVIEWER = {G. Horrocks}
}

@article {minzlaff-10,
    AUTHOR = {Minzlaff, Moritz},
     TITLE = {Computing zeta functions of superelliptic curves in larger
              characteristic},
   JOURNAL = {Math. Comput. Sci.},
  FJOURNAL = {Mathematics in Computer Science},
    VOLUME = {3},
      YEAR = {2010},
    NUMBER = {2},
     PAGES = {209--224},
      ISSN = {1661-8270},
   MRCLASS = {11G20 (11-04 11M38 14G10)},
  MRNUMBER = {2608297},
MRREVIEWER = {David Y. Jao},
       URL = {https://doi.org/10.1007/s11786-009-0019-4},
}

@article {monsky-washnitzer-68a,
  AUTHOR = {Monsky, P. and Washnitzer, G.},
  TITLE = {Formal cohomology. {I}},
  JOURNAL = {Ann. of Math. (2)},
  FJOURNAL = {Annals of Mathematics. Second Series},
  VOLUME = {88},
  YEAR = {1968},
  PAGES = {181--217},
  ISSN = {0003-486X},
  MRCLASS = {14.48},
  MRNUMBER = {0248141},
  MRREVIEWER = {W. E. Fulton},
  URL = {https://doi.org/10.2307/1970571},
}
@article {monsky-68b,
  AUTHOR = {Monsky, P.},
  TITLE = {Formal cohomology. {II}. {T}he cohomology sequence of a pair},
  JOURNAL = {Ann. of Math. (2)},
  FJOURNAL = {Annals of Mathematics. Second Series},
  VOLUME = {88},
  YEAR = {1968},
  PAGES = {218--238},
  ISSN = {0003-486X},
  MRCLASS = {14.55},
  MRNUMBER = {0244272},
  MRREVIEWER = {O. A. Laudal},
  URL = {https://doi.org/10.2307/1970572},
}

@article {monsky-68c,
  AUTHOR = {Monsky, Paul},
  TITLE = {Formal cohomology. {III}. {F}ixed point theorems},
  JOURNAL = {Ann. of Math. (2)},
  FJOURNAL = {Annals of Mathematics. Second Series},
  VOLUME = {93},
  YEAR = {1971},
  PAGES = {315--343},
  ISSN = {0003-486X},
  MRCLASS = {14F30},
  MRNUMBER = {0321931},
  MRREVIEWER = {R. L. Knighten},
  URL = {https://doi.org/10.2307/1970777},
}
@book {monsky-70,
    AUTHOR = {Monsky, Paul},
     TITLE = {{$p$}-adic analysis and zeta functions},
    SERIES = {Lectures in Mathematics, Department of Mathematics, Kyoto
              University},
    VOLUME = {4},
 PUBLISHER = {Kinokuniya Book-Store Co., Ltd., Tokyo},
      YEAR = {1970},
     PAGES = {iv+117},
   MRCLASS = {14.47},
  MRNUMBER = {0282981},
MRREVIEWER = {D. J. Lewis},
}
@incollection {montgomery-73,
  AUTHOR = {Montgomery, H. L.},
  TITLE = {The pair correlation of zeros of the zeta function},
  BOOKTITLE = {Analytic number theory ({P}roc. {S}ympos. {P}ure {M}ath.,
               {V}ol. {XXIV}, {S}t. {L}ouis {U}niv., {S}t. {L}ouis, {M}o.,
               1972)},
  PAGES = {181--193},
  PUBLISHER = {Amer. Math. Soc., Providence, R.I.},
  YEAR = {1973},
  MRCLASS = {10H05 (10K99)},
  MRNUMBER = {0337821 (49 \#2590)},
  MRREVIEWER = {J. Knopfmacher},
}

@article {morrison-84,
  AUTHOR = {Morrison, D. R.},
  TITLE = {On {K3} surfaces with large {P}icard number},
  JOURNAL = {Invent. Math.},
  FJOURNAL = {Inventiones Mathematicae},
  VOLUME = {75},
  YEAR = {1984},
  NUMBER = {1},
  PAGES = {105--121},
  ISSN = {0020-9910},
  CODEN = {INVMBH},
  MRCLASS = {14J28 (14C30 14J05 14K10)},
  MRNUMBER = {728142},
  MRREVIEWER = {I. Dolgachev},
  DOI = {10.1007/BF01403093},
  URL = {http://dx.doi.org/10.1007/BF01403093},
}
@article {murty-96,
  AUTHOR = {Fouvry, Etienne and Murty, M. Ram},
  TITLE = {On the distribution of supersingular primes},
  JOURNAL = {Canad. J. Math.},
  FJOURNAL = {Canadian Journal of Mathematics. Journal Canadien de
              Math\'ematiques},
  VOLUME = {48},
  YEAR = {1996},
  NUMBER = {1},
  PAGES = {81--104},
  ISSN = {0008-414X},
  CODEN = {CJMAAB},
  MRCLASS = {11G05 (11N45)},
  MRNUMBER = {1382477 (97a:11084)},
  MRREVIEWER = {Andrea Mori},
  DOI = {10.4153/CJM-1996-004-7},
  URL = {http://dx.doi.org/10.4153/CJM-1996-004-7},
}

  %NN
@article {newton-16,
    AUTHOR = {Newton, Rachel},
     TITLE = {Transcendental {B}rauer groups of products of {CM} elliptic
              curves},
   JOURNAL = {J. Lond. Math. Soc. (2)},
  FJOURNAL = {Journal of the London Mathematical Society. Second Series},
    VOLUME = {93},
      YEAR = {2016},
    NUMBER = {2},
     PAGES = {397--419},
      ISSN = {0024-6107},
   MRCLASS = {14F22 (11G05 14G25 14J28 14K15)},
  MRNUMBER = {3483120},
MRREVIEWER = {Remke Kloosterman},
       URL = {https://doi.org/10.1112/jlms/jdv058},
}
@Article{nikulin-80,
  Title                    = {Integer symmetric bilinear forms and some of their geometric applications},
  Author                   = {Nikulin, V. V.},
  Journal                  = {Math USSR-Izv},
  Year                     = {1980},
  Number                   = {1},
  Pages                    = {103–167},
  Volume                   = {14}
}
  %OO
@incollection {oort-88,
  AUTHOR = {Oort, Frans},
  TITLE = {Endomorphism algebras of abelian varieties},
  BOOKTITLE = {Algebraic geometry and commutative algebra, {V}ol.\ {II}},
  PAGES = {469--502},
  PUBLISHER = {Kinokuniya, Tokyo},
  YEAR = {1988},
  MRCLASS = {11G10 (14K05)},
  MRNUMBER = {977774 (90j:11049)},
  MRREVIEWER = {Sheldon Kamienny},
}
  %PP
@article {pancratz-tuitman-15,
  AUTHOR = {Pancratz, Sebastian and Tuitman, Jan},
  TITLE = {Improvements to the deformation method for counting points on
           smooth projective hypersurfaces},
  JOURNAL = {Found. Comput. Math.},
  FJOURNAL = {Foundations of Computational Mathematics. The Journal of the
              Society for the Foundations of Computational Mathematics},
  VOLUME = {15},
  YEAR = {2015},
  NUMBER = {6},
  PAGES = {1413--1464},
  ISSN = {1615-3375},
  MRCLASS = {11M38 (11Y16)},
  MRNUMBER = {3413626},
  DOI = {10.1007/s10208-014-9242-8},
  URL = {http://dx.doi.org/10.1007/s10208-014-9242-8},
}

@article {paranjape-88,
  AUTHOR = {Paranjape, Kapil},
  TITLE = {Abelian varieties associated to certain {$K3$} surfaces},
  JOURNAL = {Compositio Math.},
  FJOURNAL = {Compositio Mathematica},
  VOLUME = {68},
  YEAR = {1988},
  NUMBER = {1},
  PAGES = {11--22},
  ISSN = {0010-437X},
  MRCLASS = {14J28 (11G18 14E10 14K05)},
  MRNUMBER = {962501},
  MRREVIEWER = {Olivier Debarre},
  URL = {http://www.numdam.org/item?id=CM_1988__68_1_11_0},
}


@article {pera-13,
  AUTHOR = {Madapusi Pera, Keerthi},
  TITLE = {The {T}ate conjecture for {K}3 surfaces in odd characteristic},
  JOURNAL = {Invent. Math.},
  FJOURNAL = {Inventiones Mathematicae},
  VOLUME = {201},
  YEAR = {2015},
  NUMBER = {2},
  PAGES = {625--668},
  ISSN = {0020-9910},
  MRCLASS = {14J28 (11G10 14G17 14G35 14K15)},
  MRNUMBER = {3370622},
  MRREVIEWER = {G. K. Sankaran},
  DOI = {10.1007/s00222-014-0557-5},
  URL = {http://dx.doi.org/10.1007/s00222-014-0557-5},
}

@article {pila-90,
  AUTHOR = {Pila, J.},
  TITLE = {Frobenius maps of abelian varieties and finding roots of unity
           in finite fields},
  JOURNAL = {Math. Comp.},
  FJOURNAL = {Mathematics of Computation},
  VOLUME = {55},
  YEAR = {1990},
  NUMBER = {192},
  PAGES = {745--763},
  ISSN = {0025-5718},
  CODEN = {MCMPAF},
  MRCLASS = {11Y16 (11G10 11G15 11Y05 14G15)},
  MRNUMBER = {1035941 (91a:11071)},
  MRREVIEWER = {Joseph H. Silverman},
  DOI = {10.2307/2008445},
  URL = {http://dx.doi.org/10.2307/2008445},
}

@article {poonen-testa-vanluijk-15,
  AUTHOR = {Poonen, Bjorn and Testa, Damiano and van Luijk, Ronald},
  TITLE = {Computing {N}\'eron-{S}everi groups and cycle class groups},
  JOURNAL = {Compos. Math.},
  FJOURNAL = {Compositio Mathematica},
  VOLUME = {151},
  YEAR = {2015},
  NUMBER = {4},
  PAGES = {713--734},
  ISSN = {0010-437X},
  MRCLASS = {14C22 (14C25 14F20 14G25 14G27)},
  MRNUMBER = {3334893},
  MRREVIEWER = {Jinhyun Park},
  DOI = {10.1112/S0010437X14007878},
  URL = {http://dx.doi.org/10.1112/S0010437X14007878},
}
  %QQ

  %RR
@article {ranestad-voisin-17,
    AUTHOR = {Ranestad, Kristian and Voisin, Claire},
     TITLE = {Variety of power sums and divisors in the moduli space of
              cubic fourfolds},
   JOURNAL = {Doc. Math.},
  FJOURNAL = {Documenta Mathematica},
    VOLUME = {22},
      YEAR = {2017},
     PAGES = {455--504},
      ISSN = {1431-0635},
   MRCLASS = {14J35 (14C30 14J28)},
  MRNUMBER = {3628789},
MRREVIEWER = {C. A. M. Peters},
}

@incollection {reid-80,
    AUTHOR = {Reid, Miles},
     TITLE = {Canonical {$3$}-folds},
 BOOKTITLE = {Journ\'ees de {G}\'eometrie {A}lg\'ebrique d'{A}ngers, {J}uillet
              1979/{A}lgebraic {G}eometry, {A}ngers, 1979},
     PAGES = {273--310},
 PUBLISHER = {Sijthoff \&\ Noordhoff, Alphen aan den Rijn---Germantown, Md.},
      YEAR = {1980},
   MRCLASS = {14J30 (14B07 14J17)},
  MRNUMBER = {605348},
MRREVIEWER = {Jayant M. Shah},
}


@article {rodriguez-villegas-91,
    AUTHOR = {Rodr\'\i guez Villegas, Fernando},
     TITLE = {On the square root of special values of certain {$L$}-series},
   JOURNAL = {Invent. Math.},
  FJOURNAL = {Inventiones Mathematicae},
    VOLUME = {106},
      YEAR = {1991},
    NUMBER = {3},
     PAGES = {549--573},
      ISSN = {0020-9910},
   MRCLASS = {11R42 (11G05 11G40)},
  MRNUMBER = {1134483},
MRREVIEWER = {Nigel Boston},
       URL = {https://doi.org/10.1007/BF01243924},
}

@article {rodriguez-villegas-93,
    AUTHOR = {Rodr\'\i guez Villegas, Fernando},
     TITLE = {Square root formulas for central values of {H}ecke
              {$L$}-series. {II}},
   JOURNAL = {Duke Math. J.},
  FJOURNAL = {Duke Mathematical Journal},
    VOLUME = {72},
      YEAR = {1993},
    NUMBER = {2},
     PAGES = {431--440},
      ISSN = {0012-7094},
   MRCLASS = {11R42 (11F37 11G40)},
  MRNUMBER = {1248679},
MRREVIEWER = {Nigel Boston},
       URL = {https://doi.org/10.1215/S0012-7094-93-07215-8},
}

@incollection {rodriguez-villegas-zagier-93,
    AUTHOR = {Villegas, Fernando Rodriguez and Zagier, Don},
     TITLE = {Square roots of central values of {H}ecke {$L$}-series},
 BOOKTITLE = {Advances in number theory ({K}ingston, {ON}, 1991)},
    SERIES = {Oxford Sci. Publ.},
     PAGES = {81--99},
 PUBLISHER = {Oxford Univ. Press, New York},
      YEAR = {1993},
   MRCLASS = {11F67},
  MRNUMBER = {1368412},
MRREVIEWER = {Pavel Guerzhoy},
}

@article{rohsiepe-04,
  author    = {Falk Rohsiepe},
  title     = {Lattice polarized toric {K3} surfaces},
  journal   = "preprint",
  year      = "2004",
  note = {{\tt 	arXiv:hep-th/0409290}}
}

@article{rudnick-10,
  AUTHOR = {Rudnick, Ze{\'e}v},
  TITLE = {Traces of high powers of the {F}robenius class in the
           hyperelliptic ensemble},
  JOURNAL = {Acta Arith.},
  FJOURNAL = {Acta Arithmetica},
  VOLUME = {143},
  YEAR = {2010},
  NUMBER = {1},
  PAGES = {81--99},
  ISSN = {0065-1036},
  CODEN = {AARIA9},
  MRCLASS = {11M50 (11G20)},
  MRNUMBER = {2640060 (2011f:11119)},
  MRREVIEWER = {Steven Joel Miller},
  DOI = {10.4064/aa143-1-5},
  URL = {http://dx.doi.org/10.4064/aa143-1-5},
}
  %SS
@book {sadykov-04,
  AUTHOR = {Sadykov, Marat},
  TITLE = {Two results in the arithmetic of {S}himura curves},
  NOTE = {Thesis (Ph.D.)--Columbia University},
  PUBLISHER = {ProQuest LLC, Ann Arbor, MI},
  YEAR = {2004},
  PAGES = {61},
  ISBN = {978-0496-76283-5},
  MRCLASS = {Thesis},
  MRNUMBER = {2705896},
  URL =
  {http://gateway.proquest.com/openurl?url_ver=Z39.88-2004&rft_val_fmt=info:ofi/fmt:kev:mtx:dissertation&res_dat=xri:pqdiss&rft_dat=xri:pqdiss:3129023},
}

@article {sarti-08,
  AUTHOR = {Sarti, Alessandra},
  TITLE = {Transcendental lattices of some {$K3$}-surfaces},
  JOURNAL = {Math. Nachr.},
  FJOURNAL = {Mathematische Nachrichten},
  VOLUME = {281},
  YEAR = {2008},
  NUMBER = {7},
  PAGES = {1031--1046},
  ISSN = {0025-584X},
  MRCLASS = {14J28 (14C22)},
  MRNUMBER = {2431575},
  MRREVIEWER = {Jong Hae Keum},
  DOI = {10.1002/mana.200510657},
  URL = {http://dx.doi.org/10.1002/mana.200510657},
}
@incollection {serre-70,
    AUTHOR = {Serre, Jean-Pierre},
     TITLE = {Facteurs locaux des fonctions z\^eta des variet\'es alg\'ebriques
              (d\'efinitions et conjectures)},
 BOOKTITLE = {S\'eminaire {D}elange-{P}isot-{P}oitou. 11e ann\'ee: 1969/70.
              {T}h\'eorie des nombres. {F}asc. 1: {E}xpos\'es 1 \`a 15; {F}asc. 2:
              {E}xpos\'es 16 \`a 24},
     PAGES = {15},
 PUBLISHER = {Secr\'etariat Math., Paris},
      YEAR = {1970},
   MRCLASS = {11F67 (11G10 14G10)},
  MRNUMBER = {3618526},
}
@article {serre-81,
  AUTHOR = {Serre, Jean-Pierre},
  TITLE = {Quelques applications du th\'eor\`eme de densit\'e de
           {C}hebotarev},
  JOURNAL = {Inst. Hautes \'Etudes Sci. Publ. Math.},
  FJOURNAL = {Institut des Hautes \'Etudes Scientifiques. Publications
              Math\'ematiques},
  NUMBER = {54},
  YEAR = {1981},
  PAGES = {323--401},
  ISSN = {0073-8301},
  CODEN = {PMIHA6},
  MRCLASS = {12A75 (10D99 10H25 14G25)},
  MRNUMBER = {644559 (83k:12011)},
  MRREVIEWER = {J. Tunnell},
  URL = {http://www.numdam.org/item?id=PMIHES_1981__54__323_0},
}

@book {serre-12,
  AUTHOR = {Serre, Jean-Pierre},
  TITLE = {Lectures on {$N_X (p)$}},
  SERIES = {Chapman \& Hall/CRC Research Notes in Mathematics},
  VOLUME = {11},
  PUBLISHER = {CRC Press, Boca Raton, FL},
  YEAR = {2012},
  PAGES = {x+163},
  ISBN = {978-1-4665-0192-8},
  MRCLASS = {11G35 (11B05 11R42 11S40 11T06 14G10 14G25)},
  MRNUMBER = {2920749},
  MRREVIEWER = {Gabor Wiese},
}

@book {serre-I,
    AUTHOR = {Serre, Jean-Pierre},
     TITLE = {Oeuvres/{C}ollected papers. {I}. 1949--1959},
    SERIES = {Springer Collected Works in Mathematics},
      NOTE = {Reprint of the 2003 edition [of the 1986 original, MR0926689]},
 PUBLISHER = {Springer, Heidelberg},
      YEAR = {2013},
     PAGES = {xxiv+596},
      ISBN = {978-3-642-39815-5},
   MRCLASS = {01A75 (01A70)},
  MRNUMBER = {3185220},
}

@book {serre-II,
    AUTHOR = {Serre, Jean-Pierre},
     TITLE = {Oeuvres/{C}ollected papers. {II}. 1960--1971},
    SERIES = {Springer Collected Works in Mathematics},
      NOTE = {Reprint of the 2003 edition [of the 1986 original, MR0926690]},
 PUBLISHER = {Springer, Heidelberg},
      YEAR = {2013},
     PAGES = {vi+742},
      ISBN = {978-3-642-37725-9},
   MRCLASS = {01A75 (01A70)},
  MRNUMBER = {3185221},
}


@book{serre-III,
    AUTHOR = {Serre, Jean-Pierre},
     TITLE = {Oeuvres/{C}ollected papers. {III}. 1972--1984},
    SERIES = {Springer Collected Works in Mathematics},
      NOTE = {Reprint of the 2003 edition [of the 1986 original MR0926691]},
 PUBLISHER = {Springer, Heidelberg},
      YEAR = {2013},
     PAGES = {vi+731},
      ISBN = {978-3-642-39837-7},
   MRCLASS = {01A75 (01A70)},
  MRNUMBER = {3223094},
}
@book {serre-IV,
    AUTHOR = {Serre, Jean-Pierre},
     TITLE = {Oeuvres/{C}ollected papers. {IV}. 1985--1998},
    SERIES = {Springer Collected Works in Mathematics},
      NOTE = {Reprint of the 2000 edition [MR1730973]},
 PUBLISHER = {Springer, Heidelberg},
      YEAR = {2013},
     PAGES = {viii+694},
      ISBN = {978-3-642-39839-1},
   MRCLASS = {01A75 (01A70)},
  MRNUMBER = {3185222},
}


@article{sertoz-18,
  author    = {Emre Can Sert\"oz},
  title     = {Computing Periods of Hypersurfaces},
  journal   = "preprint",
  year      = "2018",
  note = {{\tt arXiv:1803.08068 }}
}

@article {schoof-85,
  AUTHOR = {Schoof, Ren{\'e}},
  TITLE = {Elliptic curves over finite fields and the computation of
           square roots mod {$p$}},
  JOURNAL = {Math. Comp.},
  FJOURNAL = {Mathematics of Computation},
  VOLUME = {44},
  YEAR = {1985},
  NUMBER = {170},
  PAGES = {483--494},
  ISSN = {0025-5718},
  CODEN = {MCMPAF},
  MRCLASS = {11Y16 (11G20 14G15)},
  MRNUMBER = {777280 (86e:11122)},
  MRREVIEWER = {Karl Rubin},
  DOI = {10.2307/2007968},
  URL = {http://dx.doi.org/10.2307/2007968},
}
@incollection {schuett-shioda-10,
  AUTHOR = {Sch{\"u}tt, Matthias and Shioda, Tetsuji},
  TITLE = {Elliptic surfaces},
  BOOKTITLE = {Algebraic geometry in {E}ast {A}sia---{S}eoul 2008},
  SERIES = {Adv. Stud. Pure Math.},
  VOLUME = {60},
  PAGES = {51--160},
  PUBLISHER = {Math. Soc. Japan, Tokyo},
  YEAR = {2010},
  MRCLASS = {14J27 (11G05 14J20 14J28)},
  MRNUMBER = {2732092},
  MRREVIEWER = {I. Dolgachev},
}

@article {shioda-inose-77,
  AUTHOR = {Shioda, T. and Inose, H.},
  TITLE = {On singular {$K3$} surfaces},
  BOOKTITLE = {Complex analysis and algebraic geometry},
  PAGES = {119--136},
  PUBLISHER = {Iwanami Shoten, Tokyo},
  YEAR = {1977},
  MRCLASS = {14J25 (14G13 10D20)},
  MRNUMBER = {0441982},
  MRREVIEWER = {J. S. Milne},
}

@article {skorobogatov-85,
  AUTHOR = {Skorobogatov, A. N.},
  TITLE = {The {K}uga-{S}atake variety of a {K}ummer surface},
  JOURNAL = {Uspekhi Mat. Nauk},
  FJOURNAL = {Akademiya Nauk SSSR i Moskovskoe Matematicheskoe Obshchestvo.
              Uspekhi Matematicheskikh Nauk},
  VOLUME = {40},
  YEAR = {1985},
  NUMBER = {1(241)},
  PAGES = {219--220},
  ISSN = {0042-1316},
  MRCLASS = {14K30 (11G10 11G18 14J25 14J28)},
  MRNUMBER = {783629},
  MRREVIEWER = {I. Dolgachev},
}

@Article{skorobogatov-swinnerton-dyer-05,
  Title                    = {2-descent on elliptic curves and rational points on certain {K}ummer surfaces},
  Author                   = {Skorobogatov, Alexei and Swinnerton-Dyer, Peter},
  Journal                  = {Adv. Math.},
  Year                     = {2005},
  Number                   = {2},
  Pages                    = {448--483},
  Volume                   = {198},
  Publisher                = {Elsevier}
}

@article {sperber-voight-13,
  AUTHOR = {Sperber, Steven and Voight, John},
  TITLE = {Computing zeta functions of nondegenerate hypersurfaces with
           few monomials},
  JOURNAL = {LMS J. Comput. Math.},
  FJOURNAL = {LMS Journal of Computation and Mathematics},
  VOLUME = {16},
  YEAR = {2013},
  PAGES = {9--44},
  ISSN = {1461-1570},
  MRCLASS = {11Y16 (11M38 14G10)},
  MRNUMBER = {3033943},
  MRREVIEWER = {Mehdi Hassani},
  DOI = {10.1112/S1461157012001179},
  URL = {http://dx.doi.org/10.1112/S1461157012001179},
}

@book {stewart-04,
  AUTHOR = {Stewart, Ian},
  TITLE = {Galois {T}heory},
  SERIES = {Chapman \& Hall/CRC Mathematics},
  EDITION = {Third},
  PUBLISHER = {Chapman \& Hall/CRC, Boca Raton, FL},
  YEAR = {2004},
  PAGES = {xxxvi+288},
  ISBN = {1-58488-393-6},
  MRCLASS = {12F10 (12-01)},
  MRNUMBER = {2008456},
  MRREVIEWER = {James K. Deveney},
}

@Article{stoll-testa-10,
  Title                    = {The surface parametrizing cuboids},
  Author                   = {Stoll, M and Testa, D},
  Journal                  = {preprint},
  Year                     = {2010},
  Note                     = {{\tt arXiv:1009.0388}}

}

@article{strassen-76,
  AUTHOR = {Strassen, Volker},
  TITLE = {Einige {R}esultate \"uber {B}erechnungskomplexit\"at},
  JOURNAL = {Jber. Deutsch. Math.-Verein.},
  FJOURNAL = {Jahresbericht der Deutschen Mathematiker-Vereinigung},
  VOLUME = {78},
  YEAR = {1976/77},
  NUMBER = {1},
  PAGES = {1--8},
  ISSN = {0012-0456},
  MRCLASS = {68A20},
  MRNUMBER = {0438807 (55 \#11713)},
  MRREVIEWER = {Wilfried Brauer},
}

  %TT

@article {taelman-16,
    AUTHOR = {Taelman, Lenny},
     TITLE = {K3 surfaces over finite fields with given {$L$}-function},
   JOURNAL = {Algebra Number Theory},
  FJOURNAL = {Algebra \& Number Theory},
    VOLUME = {10},
      YEAR = {2016},
    NUMBER = {5},
     PAGES = {1133--1146},
      ISSN = {1937-0652},
   MRCLASS = {14J28 (11G25 14G15)},
  MRNUMBER = {3531364},
MRREVIEWER = {Sho Tanimoto},
       URL = {https://doi.org/10.2140/ant.2016.10.1133},
}
@incollection {tate-65,
  AUTHOR = {Tate, John T.},
  TITLE = {Algebraic cycles and poles of zeta functions},
  BOOKTITLE = {Arithmetical {A}lgebraic {G}eometry ({P}roc. {C}onf. {P}urdue
               {U}niv., 1963)},
  PAGES = {93--110},
  PUBLISHER = {Harper \& Row, New York},
  YEAR = {1965},
  MRCLASS = {14.05},
  MRNUMBER = {0225778},
  MRREVIEWER = {A. Mattuck},
}
@article {tate-66,
    AUTHOR = {Tate, John},
     TITLE = {Endomorphisms of abelian varieties over finite fields},
   JOURNAL = {Invent. Math.},
  FJOURNAL = {Inventiones Mathematicae},
    VOLUME = {2},
      YEAR = {1966},
     PAGES = {134--144},
      ISSN = {0020-9910},
   MRCLASS = {14.51 (14.40)},
  MRNUMBER = {0206004},
MRREVIEWER = {O. F. G. Schilling},
       DOI = {10.1007/BF01404549},
       URL = {https://doi.org/10.1007/BF01404549},
}
@article {tuitman-16,
  AUTHOR = {Tuitman, Jan},
  TITLE = {Counting points on curves using a map to {$\mathbf{P}^1$}},
  JOURNAL = {Math. Comp.},
  FJOURNAL = {Mathematics of Computation},
  VOLUME = {85},
  YEAR = {2016},
  NUMBER = {298},
  PAGES = {961--981},
  ISSN = {0025-5718},
  CODEN = {MCMPAF},
  MRCLASS = {11M38 (11Y16)},
  MRNUMBER = {3434890},
  MRREVIEWER = {Giuseppe Molteni},
  DOI = {10.1090/mcom/2996},
  URL = {http://dx.doi.org/10.1090/mcom/2996},
}
@article {tuitman-17,
    AUTHOR = {Tuitman, Jan},
     TITLE = {Counting points on curves using a map to {$\bold{P}^1$}, {II}},
   JOURNAL = {Finite Fields Appl.},
  FJOURNAL = {Finite Fields and their Applications},
    VOLUME = {45},
      YEAR = {2017},
     PAGES = {301--322},
      ISSN = {1071-5797},
   MRCLASS = {11G20 (11M38 11Y16 14G10)},
  MRNUMBER = {3631366},
MRREVIEWER = {Steven D. Galbraith},
       URL = {https://doi.org/10.1016/j.ffa.2016.12.008},
}

@article {tuitman-18,
    AUTHOR = {Tuitman, Jan},
     TITLE = {Computing zeta functions of generic projective hypersurfaces in larger characteristic},
   JOURNAL = {Math. Comp.},
  FJOURNAL = {Mathematics of Computation},
      YEAR = {2018},
       DOI = {10.1090/mcom/3325},
       URL = {https://doi.org/10.1090/mcom/3325}
}

  %VV
@article {vanderput-86,
  AUTHOR = {van der Put, Marius},
  TITLE = {The cohomology of {M}onsky and {W}ashnitzer},
  NOTE = {Introductions aux cohomologies $p$-adiques (Luminy, 1984)},
  JOURNAL = {M\'em. Soc. Math. France (N.S.)},
  FJOURNAL = {M\'emoires de la Soci\'et\'e Math\'ematique de France. Nouvelle S\'erie},
  NUMBER = {23},
  YEAR = {1986},
  PAGES = {4, 33--59},
  ISSN = {0037-9484},
  MRCLASS = {14F30 (11G07 12H25 14G20)},
  MRNUMBER = {865811},
  MRREVIEWER = {F. Baldassarri},
}

@article {vanluijk-07a,
  AUTHOR = {van Luijk, Ronald},
  TITLE = {An elliptic {$K3$} surface associated to {H}eron triangles},
  JOURNAL = {J. Number Theory},
  FJOURNAL = {Journal of Number Theory},
  VOLUME = {123},
  YEAR = {2007},
  NUMBER = {1},
  PAGES = {92--119},
  ISSN = {0022-314X},
  CODEN = {JNUTA9},
  MRCLASS = {14J28 (14J27)},
  MRNUMBER = {2295433},
  MRREVIEWER = {Noriko Yui},
  DOI = {10.1016/j.jnt.2006.06.006},
  URL = {http://dx.doi.org/10.1016/j.jnt.2006.06.006},
}

@Article{vanluijk-07,
  Title                    = {{K3} surfaces with {P}icard number one and infinitely many
                              rational points},
  Author                   = {van Luijk, Ronald},
  Journal                  = {Algebra Number Theory},
  Year                     = {2007},
  Number                   = {1},
  Pages                    = {1--15},
  Volume                   = {1},
  Doi                      = {10.2140/ant.2007.1.1},
  Fjournal                 = {Algebra \& Number Theory},
  ISSN                     = {1937-0652},
  Mrclass                  = {14J28 (14G05 14G25)},
  Mrnumber                 = {2322921 (2008d:14058)},
  Mrreviewer               = {Yuri Tschinkel},
  Url                      = {http://dx.doi.org/10.2140/ant.2007.1.1}
}
  %%W


@PHDTHESIS {ward-16,
  author = {Ward, Matthew},
  TITLE = {Arithmetic Properties of the Derived Category for Calabi-Yau
           Varieties},
  JOURNAL = {Ph.D. Thesis (Advisor: M. Lieblich), University of Washington},
  YEAR = {2016},
}

@article {watson-36,
  AUTHOR = {Watson, G. N.},
  TITLE = {The {F}inal {P}roblem : {A}n {A}ccount of the {M}ock {T}heta
           {F}unctions},
  JOURNAL = {J. London Math. Soc.},
  FJOURNAL = {The Journal of the London Mathematical Society},
  VOLUME = {S1-11},
  NUMBER = {1},
  PAGES = {55},
  YEAR = {1936},
  MRCLASS = {Contributed Item},
  MRNUMBER = {1573993},
  DOI = {10.1112/jlms/s1-11.1.55},
  URL = {http://dx.doi.org/10.1112/jlms/s1-11.1.55},
}


@InCollection{wittenber-04,
  Title                    = {Transcendental {B}rauer--{M}anin obstruction on a pencil of elliptic curves},
  Author                   = {Wittenber, Olivier},
  Booktitle                = {Arithmetic of higher-dimensional algebraic varieties},
  Publisher                = {Birkh\"auser Boston},
  Year                     = {2004},
  Pages                    = {259--267},
  Series                   = {Progr. Math.},
  Volume                   = {226}
}

@article {yonemura-90,
  AUTHOR = {Yonemura, Takashi},
  TITLE = {Hypersurface simple {$K3$} singularities},
  JOURNAL = {Tohoku Math. J. (2)},
  FJOURNAL = {The Tohoku Mathematical Journal. Second Series},
  VOLUME = {42},
  YEAR = {1990},
  NUMBER = {3},
  PAGES = {351--380},
  ISSN = {0040-8735},
  CODEN = {TOMJAM},
  MRCLASS = {14B05 (14J17 14J25 14M25)},
  MRNUMBER = {1066667},
  MRREVIEWER = {Jonathan M. Wahl},
  DOI = {10.2748/tmj/1178227616},
  URL = {http://dx.doi.org/10.2748/tmj/1178227616},
}

  %ZZ

@article {zagier-01,
  AUTHOR = {Zagier, Don},
  TITLE = {Vassiliev invariants and a strange identity related to the
           {D}edekind eta-function},
  JOURNAL = {Topology},
  FJOURNAL = {Topology. An International Journal of Mathematics},
  VOLUME = {40},
  YEAR = {2001},
  NUMBER = {5},
  PAGES = {945--960},
  ISSN = {0040-9383},
  CODEN = {TPLGAF},
  MRCLASS = {11F23 (05A30 11F20 11F67 57M27)},
  MRNUMBER = {1860536 (2002g:11055)},
  MRREVIEWER = {Alexander G. Stoimenow},
  DOI = {10.1016/S0040-9383(00)00005-7},
  URL = {http://dx.doi.org/10.1016/S0040-9383(00)00005-7},
}

@incollection {zagier-10,
  AUTHOR = {Zagier, Don},
  TITLE = {Quantum modular forms},
  BOOKTITLE = {Quanta of maths},
  SERIES = {Clay Math. Proc.},
  VOLUME = {11},
  PAGES = {659--675},
  PUBLISHER = {Amer. Math. Soc.},
  ADDRESS = {Providence, RI},
  YEAR = {2010},
  MRCLASS = {11F99 (33D90 57M27)},
  MRNUMBER = {2757599 (2012a:11066)},
  MRREVIEWER = {Sander Zwegers},
}

@article {zarhin-83,
  AUTHOR = {Zarhin, Yu. G.},
  TITLE = {Hodge groups of {$K3$}\ surfaces},
  JOURNAL = {J. Reine Angew. Math.},
  FJOURNAL = {Journal f\"ur die Reine und Angewandte Mathematik},
  VOLUME = {341},
  YEAR = {1983},
  PAGES = {193--220},
  ISSN = {0075-4102},
  MRCLASS = {14C30 (14J10 14J15)},
  MRNUMBER = {697317},
  MRREVIEWER = {Gerd Faltings},
  URL = {https://doi.org/10.1515/crll.1983.341.193},
}

@article{zywina-14,
    AUTHOR = {Zywina, David},
     TITLE = {The splitting of reductions of an abelian variety},
   JOURNAL = {Int. Math. Res. Not. IMRN},
  FJOURNAL = {International Mathematics Research Notices. IMRN},
      YEAR = {2014},
    NUMBER = {18},
     PAGES = {5042--5083},
      ISSN = {1073-7928},
   MRCLASS = {11G10 (14K15)},
  MRNUMBER = {3264675},
MRREVIEWER = {Ivica Gusi\'c},
       URL = {https://doi.org/10.1093/imrn/rnt113},
}

@misc{flint,
  author = {W. Hart and F. Johansson and S. Pancratz},
  title = {{FLINT}: {F}ast {L}ibrary for {N}umber {T}heory},
  note = {\url{http://flintlib.org}}
}

@misc{ntl,
  author = {Victor Shoup},
  title = {{NTL}: {N}umber {T}heory {L}ibrary},
  note = {\url{http://www.shoup.net/ntl/}}
}

@manual{sage,
  Key          = {SageMath},
  Author       = {The {Sage Developers}},
  Title        = {{S}ageMath, the {S}age {M}athematics {S}oftware {S}ystem },
  note         = {{\tt http://www.sagemath.org}},
}

@misc{controlledreduction,
  author = {Edgar Costa},
  title = {controlledreduction: {\tt C++} implementation of the controlled reduction method to compute compute {H}asse--{W}eil zeta functions of smooth projective hypersurfaces over finite fields},
  note = {\url{https://github.com/edgarcosta/controlledreduction}}
}

